2462 3246
420 209 719 256 &fit—m
1005 218 1032 256 tt

107 318 172 380 ‘tnihi
183 321 227 397 est,
248 328 285 381 vel
301 325 357 383 alios
375 330 413 382 uel
426 346 466 383 me
482 329 706 400 ipsum'itaerralse,
725 343 758 396 vt,
778 329 802 379 in
817 323 906 397 quibus
916 329 996 383 verbis
1006 345 1030 387 et
1109 385 1112 390 ,

110 405 242 456 rationibus
259 406 305 458 loci
322 407 448 458 cuiusdam
471 407 571 457 minime
590 406 672 457 inesset
688 403 825 470 difficultas,
851 421 1029 472 quaereremus,

54 507 56 512 ·
111 479 203 531 omissis
220 480 273 546 illis,
293 482 358 533 vnde
375 482 565 533 veretrorum:
594 497 626 531 eo
643 481 715 547 magis
735 481 784 531 lroc
802 478 1031 535 cornmendandum

110 555 145 604 est
158 557 288 626 interpreti,
303 558 349 608 bue
364 573 407 607 ore
424 555 471 607 fiue
483 557 570 624 scripto·
584 555 685 623 exp—licet
698 555 809 608 aublores
824 557 938 622 antiquos
944 594 951 621 ,
971 572 996 610 vt
1006 573 1030 611 et

110 628 160 697 ipse
175 631 277 699 inquirat
293 632 404 684 subtiliter
422 633 446 682 in
467 632 544 683 causas
563 629 710 683 obscuritatis
727 629 901 682 difficultatisue
920 633 981 695 loti,
1005 649 1029 686 et
1043 638 1057 662 ²

109 704 167 757 alios
177 705 249 774 facile¹
263 708 366 769 iudicate
379 707 410 757 de
425 725 451 758 ea
464 707 560 759 doceat.
598 705 757 772 Meminerint
766 722 826 757 vero
838 707 909 758 etiam
923 708 1028 761 iuniores

108 796 173 842 vete
187 780 273 852 scripte.
289 795 509 849 commentatores,
532 782 574 850 qui
589 790 656 832 nunc
673 780 742 832 multi
759 782 856 853 exstant,
875 798 928 833 non
945 799 1028 835 corta-

110 855 199 907 dendis
221 859 330 923 omnium
347 857 572 915 Grammaticorum
603 856 810 908 obseruationibus
839 869 863 905 et
887 857 1028 912 illustrandis

107 930 201 999 fingulis
213 934 289 985 verbis
302 947 340 985 aut
351 932 446 986 laudem
460 936 535 1002 parati
549 946 590 983 aut
602 931 733 991 utilitatem,
749 931 771 998 fi,
793 932 831 982 tbi
846 930 876 981 ad
888 948 913 983 ea
923 949 1032 1001 peruen-v

81 1026 86 1030 ’·
109 1021 162 1057 tum
176 1010 216 1076 εΗ,
234 1015 293 1075 quae
310 1010 447 1075 interpretis
465 1011 538 1078 opera
552 1022 632 1075 egent,
652 1006 825 1057 ne.viderimus
839 1006 952 1075 quidem,-
967 1011 1026 1077 quid

110 1079 281 1135 declarandum
292 1082 325 1134 fit.
366 1084 414 1135 Sed
432 1083 562 1150 quomodo
578 1083 606 1133 ab
625 1083 758 1149 interprete
773 1081 930 1134 efficiendum
949 1082 983 1152 fit,
1001 1101 1028 1137 vt

109 1164 212 1224 promto
230 1159 355 1226 subtilique
370 1159 464 1210 iudicio
476 1159 615 1210 inueniatur
624 1157 664 1224 id,
679 1157 753 1223 *quod
765 1157 854 1209 laborat
868 1156 914 1209 vlla
924 1159 1027 1225 quadam

110 1230 266 1301 difficultate,
285 1233 308 1284 id
328 1252 374 1284 nec
391 1234 468 1302 ipsum
490 1234 552 1286 adeo
571 1232 638 1285 facile
656 1232 764 1299 expediri
780 1233 866 1300 potest.
906 1231 1030 1289 Tenenda
1051 1268 1060 1276 «ψ

108 1321 190 1360 tamen
201 1310 259 1361 haec
269 1308 379 1377 inprimis
392 1309 482 1378 putaui.
514 1307 617 1377 ¹Scilicet
627 1308 783 1375 interpretem
795 1320 903 1376 oportet,
922 1308 960 1360 vbi
971 1311 1026 1380 ipse,
1102 1345 1105 1349 -

108 1382 169 1433 loeo
187 1385 300 1436 subtiliter
317 1385 466 1452 examinato,
495 1400 550 1435 vere
566 1383 714 1451 perspexerit
732 1383 783 1434 eius
801 1381 980 1453 difficultatem,
1001 1387 1026 1439 id

107 1459 177 1524 quod
189 1459 248 1510 male
259 1460 333 1527 ipsum
342 1459 431 1509 aliosne
443 1458 534 1525 babuit,
549 1475 604 1509 cum
617 1456 707 1525 caussis,
725 1475 776 1510 non
787 1472 882 1510 tantum
893 1464 1027 1527 grammati·

107 1533 150 1596 cis,
162 1531 202 1584 sed
214 1533 313 1602 reliquis
326 1535 405 1600 etiam,
419 1548 443 1584 et
456 1534 543 1596 modo,
556 1532 893 1602 quoidrepererit,‘intlicare,
905 1534 978 1587 allatis
989 1537 1026 1589 in-

106 1608 204 1660 terdum
216 1623 241 1659 et
251 1608 373 1678 perpensis
384 1608 485 1660 aliorum
497 1610 657 1675 interpretum
669 1608 814 1671 rationibus,
834 1609 876 1675 qui
888 1610 924 1660 vel
935 1612 1025 1665 nullam

106 1685 145 1734 vel
159 1700 212 1740 non
223 1701 281 1743 eam,
292 1699 354 1750 qnae
365 1684 407 1746 est,
425 1683 540 1734 viderunt
550 1681 721 1733 difficultatem.
761 1684 953 1751 Nonnunquam
965 1704 1025 1741 veto
1093 1747 1096 1751 ⁴

108 1758 180 1810 etiam
192 1759 331 1821 conueniet,
351 1758 433 1809 omnia
453 1775 480 1808 ea
497 1774 635 1827 exponere,
656 1774 716 1824 quae
727 1757 755 1809 atl
767 1757 923 1810 iudicandum
933 1759 964 1811 de
975 1761 1025 1815 loci

107 1828 208 1885 obscura
219 1848 258 1885 aut
268 1825 485 1902 peruersatatione
496 1834 586 1901 valent,
605 1847 713 1884 naturam
724 1833 854 1886 sententiae
867 1849 891 1886 et
902 1834 1026 1903 dictionis,

106 1907 192 1961 seriem
203 1911 292 1960 omnis
311 1909 440 1974 orationis,
458 1908 579 1977 scriptoris
595 1907 738 1976 confilium,
757 1910 892 1977 etreliqua,
912 1927 974 1978 quae
992 1931 1024 1967 eo

104 1983 203 2046 faciunt,
226 1999 252 2036 vt
277 1985 375 2037 ineius
394 2001 441 2035 nos
461 1983 596 2052 cogitandi,
623 1983 739 2034 sentiendi
758 1998 783 2035 et
802 1984 900 2035 dicendi
921 1987 1024 2042 modum

62 2110 64 2114 ,
108 2076 243 2112 omnemue
252 2057 379 2131 eausam-et
390 2052 535 2122 sermonem,
547 2059 644 2128 penitus
656 2057 810 2111 instruemus.
844 2059 959 2113 Sic'enim
969 2080 1025 2132 par-

106 2134 151 2185 tim
164 2136 248 2185 existet
259 2135 372 2186 iudicium
385 2135 469 2188 subtile
480 2136 511 2187 tle
523 2153 562 2202 eo,
580 2151 653 2202 quem
665 2134 754 2202 traua,
766 2134 825 2186 loco
837 2135 900 2204 apud
912 2136 1024 2208 leslores,

49 2245 51 2249 ,
105 2211 203 2279 partim,
223 2209 263 2259 vbi
275 2210 382 2261 crebrius
398 2210 462 2261 idem
478 2210 609 2278 repetitum
625 2210 711 2271 fuerit,
732 2211 831 2261 facilitas
844 2211 958 2275 quaedam
972 2213 1023 2265 sen.

105 2284 190 2348 tiendi,
201 2280 270 2353 'quae
288 2282 391 2336 difficilia
403 2284 447 2336 lint
462 2300 486 2336 et
496 2285 613 2350 laborent,
633 2284 763 2336 exorietur·
803 2283 882 2346 Quod
895 2285 968 2354 sripse
980 2305 1024 2358 pet

105 2359 193 2411 multas
205 2361 314 2429 ambages
325 2360 419 2430 diuque
431 2361 571 2428 quaerendo
585 2359 821 2429 addetcgendumid,
833 2377 941 2427 quovno
947 2363 1023 2433 impe.
1053 2428 1055 2431 v

104 2434 432 2504 diatutfacilisintelligentia,
444 2437 521 2489 sruein
527 2453 560 2500 re,
568 2434 646 2488 suein
655 2436 740 2502 verbis,
746 2437 824 2487 sruein
832 2453 918 2488 eorum
926 2439 1023 2493 stratuu-

105 2507 137 2578 ra‚
150 2510 332 2576 coniunctione,
343 2512 671 2579 dilline‘lioneetvbitnnque
683 2511 776 2563 tandem
784 2511 861 2575 lateat,
873 2516 1023 2581 peruenerit,

106 2603 159 2637 non
170 2585 263 2654 putabit
273 2598 317 2654 per
330 2588 427 2639 easdem
439 2589 550 2656 ambages
566 2587 730 2654 errrminisque
742 2586 866 2647 ansrablus
879 2586 1023 2643 ducendum

106 2660 287 2729 elseletlorem,
306 2660 345 2714 vbi
356 2667 464 2732 paratior
476 2665 510 2718 via
524 2665 628 2734 patuerit
643 2660 707 2715 etad
723 2661 813 2715 sensum
824 2661 1024 2732 consequendum

432 2735 435 2739 ’
579 2737 639 2796 G2
923 2738 1026 2808 meliot3
