2462 3246
383 190 682 237 Qum-...m
916 179 997 232 xldux'

76 312 163 382 quibus
174 311 205 366 vli
217 310 279 373 sunt,
300 309 469 382 colligamusl)
477 351 484 377 ,
503 315 551 382 sed,
562 325 714 379 vtomnem,
731 309 996 382 cogitationes-mentis

75 389 199 456 animique
214 387 289 441 l'ensiis
307 388 390 457 plane,
407 389 481 453 recle,
498 401 521 441 et
532 387 836 456 suossordineerponendi,
851 401 927 439 artem
945 387 1000 441 siue.

74 465 192 517 rationem
204 463 364 533 intelligamus
375 477 400 516 et
411 459 530 517 imitando
543 465 716 534 exprimamus,
736 465 777 532 qui
788 463 948 515 nobilissimus
959 465 992 516 est

74 541 163 592 horum
175 539 316 608 scriptorum
329 538 390 591 vsus.
430 542 479 591 lam
492 539 582 594 fitarrta
594 542 628 591 est
633 538 755 612 stabilioris
766 548 786 591 al
791 539 901 610 facilioris
906 539 992 612 sursm,

74 615 110 667 uel
122 615 150 667 ad
160 615 340 683 intelligentiam
352 629 392 666 aut
403 630 510 667 veterum
528 616 689 674 autornnium
703 614 847 684 scriptorum
859 614 991 667 <lidorum-

74 691 252 758 minuandum,
270 690 306 740 vel
318 690 347 742 ad
364 692 483 743 orationis
494 692 589 744 nostrae
598 690 759 761 praestantiam
772 689 932 755 formandam,
942 691 990 741 vis:
1042 748 1044 752 .

74 764 132 826 non
144 766 237 835 poterit
250 777 353 834 ¹operam
374 766 504 835 perdidlll'e
522 768 612 834 videri,
630 765 645 818 sr·
660 766 723 834 ‘quisg
738 781 789 832 vqm
804 766 899 817 ratione
912 764 993 833 sensus

73 841 111 892 ille
121 841 167 910 ipsa
178 841 378 910 interpretatione
390 842 455 894 recle
465 842 569 894 instituta
579 835 615 896 uel
627 842 724 900 excitari
738 854 762 891 et
772 840 874 909 produci
886 841 924 893 vel
935 840 990 892 acui

73 915 273 986 etaugeripolhs,
285 917 680 979 breuiterdecluratestudueritl).
700 913 990 986 Neminienimhomini

73 1005 170 1044 naturae
182 993 271 1044 inuidia
282 993 372 1044 sentum
385 993 497 1059 veritatis,
511 994 610 1057 ordinis,
621 992 807 1045 cotrueuientiae
819 990 988 1060 etpulcritudi·

73 1067 111 1117 nis
123 1066 249 1136 denegafl'e
259 1070 390 1137 reperitur,
410 1066 457 1121 siue
469 1069 558 1121 exserat
569 1069 639 1121 seille
654 1067 793 1136 fiuelateat,
810 1066 934 1136 negledlus
947 1083 996 1121 cn·-

72 1156 185 1206 ratusue,
202 1142 271 1194 rudis
284 1144 456 1212 expolitume,
477 1147 553 1197 acrior
566 1159 591 1196 et
600 1143 722 1205 subtilior,
742 1143 781 1210 ht,
799 1160 828 1194 un
842 1139 989 1203 obtufioret

71 1216 196 1281 hebetior3
215 1235 316 1287 quoque
327 1220 406 1274 minus
417 1220 544 1273 educando
556 1221 683 1290 deprauata
690 1219 723 1270 est
729 1219 793 1271 recta
805 1216 987 1284 animiindoles,

72 1309 144 1360 quam
164 1296 238 1347 eheu!
265 1296 396 1363 elegantior
413 1295 507 1347 scilicet
524 1297 635 1348 educatio
658 1296 791 1348 liberorum
817 1307 910 1344 tantum
919 1309 925 1328 τ
934 1309 989 1345 non

72 1380 172 1424 omnem
194 1371 323 1438 peruenit,
350 1387 381 1422 eo
395 1370 486 1423 facilius
502 1370 585 1422 sensus
597 1371 659 1422 illius
676 1374 751 1422 virtus
766 1370 787 1421 se
803 1369 889 1437 prodit
906 1375 988 1436 'eoque

71 1444 146 1511 magis
161 1458 248 1511 regnat
262 1445 299 1518 l).
339 1445 386 1496 Sed
402 1460 426 1496 vt
445 1462 533 1504 omtres
550 1448 637 1499 mentis
652 1447 714 1497 vires
737 1459 762 1496 et
782 1444 910 1496 facultates
932 1459 986 1494 non

70 1535 146 1586 aeque
156 1520 245 1572 multae
262 1535 286 1576 et
297 1536 397 1587 magnae
407 1522 568 1590 contigerunt,
586 1522 624 1573 dei
639 1520 722 1582 dono,
734 1520 875 1573 hominibus
886 1518 986 1590 quibus-

71 1595 122 1655 vi5‚
144 1609 167 1646 et
181 1595 259 1646 excoli
277 1595 483 1653 variar-ationem
495 1612 546 1655 arte
562 1600 586 1648 in
604 1597 719 1649 omnibus
737 1596 835 1662 debent,
854 1593 935 1662 augeri
946 1592 986 1644 ali-

71 1682 199 1735 quantoet
209 1668 291 1737 perlici
303 1670 446 1723 elaborando
459 1670 525 1726 iniis
540 1689 641 1739 qnoque
651 1671 763 1740 poliunt,
781 1672 868 1738 quibus
887 1668 926 1721 vel
942 1684 984 1735 pa-

69 1760 123 1794 rum
139 1744 175 1794 uel
192 1743 294 1811 omniuo
310 1761 363 1795 non
377 1744 519 1797 consuluill'e
536 1760 631 1805 naturae
646 1745 769 1797 liberalitas
781 1747 890 1797 videtur:
902 1744 937 1803 itu
948 1756 985 1793 ct-

70 1817 118 1870 iam
132 1818 209 1871 senius
225 1817 278 1883 ille,
300 1836 373 1886 quem
389 1820 505 1885 dicimus,
528 1822 553 1873 in
569 1821 638 1874 diuis
653 1821 797 1891 scriptisque
813 1821 938 1874 veritatem
962 1815 988 1869 et

899 1909 987 1949 uenu-

97 2014 112 2067 i)
127 2013 163 2055 llis
170 2012 259 2054 formulis
269 2027 295 2055 ne
306 2025 373 2056 contra
380 2028 458 2057 omnem
467 2014 506 2057 len-
570 2015 591 2072 lt)
606 2018 665 2060 Multi
670 2014 854 2065 anonumum-vlam
860 2015 899 2057 esse
907 2013 985 2066 compa-

68 2067 110 2109 sum
128 2070 221 2110 imitando
236 2070 346 2122 abutamur,
362 2073 450 2114 amultis
467 2074 504 2113 ism
524 2079 525 2082 ’
542 2069 984 2122 randumetconluemdinemcnmnonoribus

69 2126 166 2167 monitum
178 2125 215 2174 est3
230 2127 277 2166 illud
287 2139 353 2168 autem
363 2129 452 2170 nondum
466 2129 504 2182 virli
542 2130 840 2184 veteribushngulisineundam
847 2145 852 2178 3
868 2127 984 2169 indeinter-

68 2177 155 2219 subtilius
164 2179 202 2219 esse
213 2179 334 2232 disputatum,
346 2186 505 2230 omnemdicen-
542 2186 674 2239 pretationem
680 2184 857 2238 plurimnmiuuari.
867 2182 981 2236 Rebliffime.

69 2235 89 2275 di
102 2235 182 2275 modum
197 2235 245 2285 elle,
260 2236 292 2277 sbi
303 2238 441 2290 imitarivelis',
456 2240 504 2279 diis·
543 2242 583 2283 Sed
597 2240 638 2281 ultis
651 2244 690 2287 ille,
701 2246 844 2294 'qnemomues
855 2237 982 2279 commend-a-

69 2291 174 2332 dicendum
185 2305 210 2333 ex
222 2293 298 2333 ratione
310 2295 350 2335 eius
362 2297 406 2343 loci,
422 2310 460 2348 quo
471 2296 504 2336 ille
542 2310 593 2345 mint,
608 2297 631 2337 ab
640 2291 683 2337 'hoe
694 2311 753 2350 qatem
770 2291 823 2344 dico,
842 2294 897 2336 sensu
907 2296 934 2335 ita
944 2291 982 2332 dil-

68 2348 177 2395 innenitur,
193 2349 245 2402 quud
259 2363 300 2390 nou
314 2351 373 2391 niodo
388 2352 413 2392 de
426 2351 505 2393 diuelli·
541 2349 591 2401 sert,
607 2364 626 2393 vt
639 2354 658 2394 id
673 2368 711 2406 quo
728 2354 801 2406 aliquid
814 2351 899 2392 efficitur
913 2350 981 2400 abeo,

68 2405 221 2453 retentationis
241 2408 337 2458 podricne,
355 2406 505 2461 philosophicae,
543 2410 595 2463 quod
612 2410 775 2463 efficitumdillat.
804 2406 983 2449 Vsuenimilloet

68 2459 169 2500 historicae
185 2471 205 2500 et
218 2463 325 2503 rhetoricae
340 2466 400 2504 velim
412 2466 504 2519 intelligi,
541 2467 724 2507 santilinritutecum
738 2465 863 2519 scriptoribus
873 2463 936 2505 esistit
949 2464 984 2504 sel

68 2514 102 2556 sed
115 2514 141 2557 de
154 2513 240 2577 didisse
256 2520 314 2558 etium
323 2520 411 2560 eiusdem
425 2522 504 2574 generis
542 2524 617 2563 acuitur
626 2521 689 2562 sensns
697 2520 784 2563 subtilior
793 2533 813 2563 et
821 2522 902 2562 facilior,

68 2571 108 2611 hue
116 2572 242 2623 poeticahue
253 2577 337 2630 cintoria
348 2575 387 2616 linc
398 2577 441 2628 alia,
450 2578 504 2618 cuins

68 2628 119 2690 recha
129 2628 210 2668 imitatio
221 2628 288 2667 nititur
296 2632 447 2674 rnicelocstum
458 2627 507 2676 totu
569 2632 584 2686 l)
597 2634 699 2674 Declaratu
711 2633 761 2683 haec
776 2633 871 2687 copiosius
886 2633 933 2676 lunt
941 2650 951 2674 a
960 2636 981 2675 b,

68 2683 166 2725 veruentia
175 2695 196 2726 et
205 2687 322 2738 temporum.
505 2695 507 2698 ’
542 2688 681 2733 Thalemamto
692 2690 732 2734 diff.
740 2690 791 2733 laud.
801 2706 820 2747 p.
829 2691 862 2733 lV.
874 2686 957 2734 l'xsu
964 2688 979 2733 s,
