2462 3246
227 207 284 252 exat
404 268 405 272 Ἰ
538 202 838 251 emmeram

231 318 364 395 meritaque
371 324 463 392 tradat,
479 323 535 376 ‘eius
551 324 645 392 generis
662 324 757 376 lacunas
772 324 844 377 facile
860 325 1065 394 anim-aduertere,
1085 330 1146 387 diffi-
1224 369 1229 375 .

230 405 297 457 cilius
318 406 412 473 explere
438 398 530 470 poffit:
561 401 659 451 tertium
681 398 759 468 genus
780 400 970 463 omiffionum,
989 407 1056 472 quod
1078 407 1145 461 libra.-

229 480 320 533 riorum
342 480 426 546 culpae
453 477 575 545 tribuitur,
600 477 631 533 ita
650 491 815 551 comparatum
836 478 883 540 est,
912 492 950 540 vt,
974 482 1014 530 cui
1033 484 1146 551 praefidit

230 557 383 625 optimorum
395 551 510 605 codicum
527 565 567 604 aut
578 553 801 623 Grammaticorum
812 560 839 622 p)
852 553 984 616 defuerint,
1004 554 1157 624 l'agaclffimo,

229 629 296 686 sensu
310 629 431 699 praeditus
445 629 491 681 elle
503 643 528 679 et
541 644 641 679 omnem
658 627 783 695 cogitandi
802 626 956 687 subtilitatem
972 633 995 681 iu
1007 648 1038 682 co
1052 651 1147 702 ponere
1163 664 1168 670 -

230 708 329 775 debeat,
353 721 377 758 vt
392 718 488 775 peccata
505 703 559 759 talia
579 717 603 754 et
618 703 788 773 deprehendat
810 719 912 770 ervero
928 706 1044 774 corrigat.
1082 714 1147 763 Nam
1220 740 1221 744 =

230 781 315 835 librarii
332 796 371 833 aut
387 776 500 833 consulto
517 777 648 832 omiserunt
670 779 740 830 locos
756 780 888 847 quosdam,
914 781 955 848 qui
973 782 1010 833 vel
1026 782 1100 839 ellenr
1116 787 1147 837 ab

230 856 335 925 antiquis
352 856 520 910 Grammaticis
538 853 617 906 reiedli
634 867 658 905 et
674 849 725 922 pro
738 854 819 923 spuriis
836 856 922 922 habiti,
944 856 980 907 vel
994 859 1072 909 minus
1090 859 1146 929 ipsis

230 947 272 985 aut
282 931 374 1001 legiam
384 932 480 999 intelligi
491 931 586 999 pollent
598 944 673 996 atque
682 929 744 981 adeo
753 932 862 1000 corrupti
875 930 921 998 ell'e
931 931 1089 998 censerentur,
1101 936 1147 986 'vel

230 1008 334 1066 omnino
345 1023 398 1061 non
411 1009 574 1076 probarentur
585 1003 691 1073 ipsorum
706 1005 825 1073 ingeniis,
846 1023 990 1073 quacunque
1003 1008 1097 1060 tandem
1114 1009 1147 1061 de

229 1083 346 1154 caulaq);
368 1096 408 1134 aut
424 1081 579 1132 alienationis
595 1079 734 1131 temerariae
755 1094 779 1131 et
801 1081 961 1149 negligentiae
986 1082 1101 1151 infandae
1119 1102 1146 1137 ea

229 1159 278 1212 fuit
291 1159 373 1226 culpa,
392 1157 462 1224 quod
479 1157 525 1208 loci
543 1170 567 1206 et
583 1155 655 1206 verba
672 1154 826 1220 exciderunt,
847 1173 909 1224 quac
925 1156 994 1209 srael
1006 1161 1068 1211 male
1079 1177 1147 1228 prae-

230 1236 300 1287 terita
312 1234 358 1285 elle
368 1232 486 1296 vidill'ent,
507 1231 597 1294 tamen,
614 1247 646 1281 ne
657 1230 757 1282 codices
768 1248 854 1299 parum
871 1239 979 1284 accurate
994 1232 1071 1303 scripti
1083 1235 1147 1292 vide-

231 1324 326 1376 rentur,
346 1306 480 1359 noluerunt
489 1306 592 1372 addere,
612 1304 735 1374 interdum
748 1307 828 1357 carneo
839 1307 904 1359 bona
916 1306 964 1373 fide
976 1308 1113 1371 adiecerunt
1124 1318 1146 1375 r)

231 1384 271 1436 vel
291 1386 316 1434 in
331 1383 437 1450 margine
454 1381 490 1433 vel
505 1383 567 1432 inter
582 1381 663 1443 lineas.
703 1380 801 1438 Etenim
824 1381 906 1449 primo
924 1384 961 1434 vel
976 1385 1089 1451 repetitio
1110 1386 1146 1437 vel

229 1457 358 1512 similitudo
386 1456 562 1511 vocabulorum
583 1454 644 1522 'quae
668 1455 697 1506 ab
720 1456 788 1507 initio
806 1457 893 1508 autin
910 1454 958 1508 line
980 1458 1092 1514 locorum
1113 1459 1146 1512 le-

230 1549 322 1603 guntur
333 1534 354 1599 s)
380 1531 472 1595 effecit,
503 1545 527 1583 vt
545 1529 682 1597 interiellos
698 1530 839 1594 verficulos,
862 1547 1040 1601 nonnunquam
1063 1536 1146 1602 plures

230 1626 290 1678 vno,
311 1623 335 1661 et
352 1607 474 1678 periodos
492 1604 618 1674 orationis,
637 1605 725 1658 librarii
742 1605 894 1675 negligerent
908 1622 990 1676 neque
1005 1626 1044 1663 eas
1058 1610 1148 1663 scribe.

1084 1700 1147 1739 rent.

257 1815 281 1871 p)
295 1815 327 1859 Sic
341 1829 352 1856 e
367 1812 427 1857 Suida
436 1809 500 1855 verius
510 1809 608 1865 Aristoph.
617 1808 668 1853 Nub.
708 1820 779 1856 tatum.
795 1823 812 1852 v.
824 1810 847 1853 C.
862 1813 886 1853 V.
902 1812 973 1853 Vonclt
988 1813 1093 1867 specimen
1105 1810 1153 1857 Cri-'a

230 1886 279 1930 970,
291 1873 340 1925 (aliis
352 1870 394 1923 post
404 1870 462 1923 966.)
478 1868 594 1908 allalclcen.
604 1869 668 1912 Dian.
708 1870 766 1908 ticum
772 1869 793 1908 in
798 1869 845 1910 auct.
852 1879 897 1909 verr.
904 1883 923 1921 p.
931 1868 1001 1912 mss.
1017 1870 1067 1912 nddi
1076 1872 1158 1923 potest„

230 1933 251 1971 in
260 1933 290 1971 Fr.
300 1931 345 1969 Eur.
357 1941 375 1980 p.
385 1939 433 1981 224.
449 1937 469 1967 er
483 1924 580 1964 Brtntcltio
594 1924 668 1966 restim·
707 1923 974 1967 eriamno'nnullaobleoene
985 1925 1035 1967 dicta
1044 1925 1146 1969 velomissa

230 1998 261 2027 tus
272 1985 305 2035 est,
315 1996 433 2037 quamquam
442 1981 566 2034 improbante
575 1979 668 2028 nar-leno,
707 1982 739 2021 vel
749 1991 823 2021 morata
833 1977 878 2023 effe.

230 2043 266 2096 qui
277 2041 328 2080 haud
342 2036 379 2078 scin
389 2054 413 2079 an
428 2050 532 2091 perperam
547 2037 669 2085 indicauerit,
736 2038 756 2088 r)
773 2035 817 2075 vid,
828 2034 911 2086 Vulpius
921 2034 1022 2079 adCatull.
1035 2040 1067 2088 66,
1079 2051 1112 2092 33,
1126 2048 1145 2092 p.

227 2110 257 2137 eo
268 2096 429 2135 constructionem
439 2092 535 2144 impediri.
709 2102 756 2144 377.
770 2090 920 2131 Drakenborch.
932 2091 956 2130 ad
964 2093 1006 2133 Liu.
1019 2105 1037 2146 ς,
1047 2105 1079 2147 29,
1090 2105 1110 2139 2.
1132 2104 1135 2108 ’

261 2153 282 2205 q)
299 2153 343 2191 Huc
362 2148 428 2189 refero
447 2149 550 2187 nonnullos
565 2146 669 2186 verficulos
736 2152 755 2200 s)
770 2149 814 2186 Hoc
825 2158 914 2186 errorum
925 2145 1072 2190 iontederiuata
1082 2150 1145 2191 clades

231 2207 316 2250 llorneri
331 2206 352 2245 in
366 2204 407 2247 cod.
423 2205 475 2243 Ven.
486 2200 575 2254 omillos,
589 2213 608 2242 er
618 2201 670 2241 haud
708 2202 791 2255 plurima
800 2202 869 2254 procul
878 2201 944 2253 dubio,
959 2205 1008 2255 quin
1015 2206 1101 2261 integras
1111 2221 1151 2248 n0·,

231 2264 291 2307 dubie
305 2277 316 2303 a
334 2259 467 2302 Grammaticis
484 2258 599 2312 quibusdam
614 2269 669 2298 nora·
707 2259 737 2299 bis
752 2256 853 2302 interdum
867 2258 969 2300 columnas
988 2261 1103 2314 intercepit,
1118 2274 1146 2304 at·

231 2330 273 2369 tos,
291 2329 311 2359 vr
324 2318 376 2358 Iliad.
392 2324 409 2367 β,
427 2322 472 2369 588.
504 2316 596 2357 Similiter
611 2315 667 2370 Virg.
707 2327 746 2369 que
761 2326 785 2355 ea
803 2324 895 2354 veterum
909 2316 957 2355 locis
975 2316 1042 2356 intulit
1060 2318 1145 2370 vulnera,

231 2381 285 2418 Aen.
299 2374 334 2426 lV,
347 2370 412 2414 versus
426 2383 472 2425 273.
489 2385 500 2411 e
517 2371 559 2413 cod.
574 2370 667 2411 Mediceo
707 2384 758 2424 quae
773 2369 814 2409 fine
830 2369 927 2411 Codicum
941 2370 1051 2412 fideliorum
1062 2371 1145 2426 snbfidio

232 2428 324 2473 excidiil'e
337 2428 433 2469 Brnocltio
447 2439 505 2480 atque
520 2427 599 2480 Heynio
616 2425 669 2465 vide·
708 2424 795 2466 resarciri
809 2437 849 2465 non
860 2425 949 2477 poffinrss
977 2428 1045 2469 Valck.
1061 2430 1144 2472 ad‘Eur.

233 2497 270 2536 tur,
285 2484 338 2540 qnod
351 2484 481 2525 Grammatico
492 2483 595 2536 Virgilium
611 2482 669 2521 corri-
706 2482 782 2523 Pltoen.
791 2481 838 2535 360.
848 2496 867 2534 p.
881 2493 925 2535 129.
935 2480 947 2523 f.
967 2483 1017 2525 Ado.
1027 2487 1109 2526 Dornill.
1120 2485 1146 2526 ad

233 2544 289 2597 genti
299 2539 425 2594 displicuerat.
453 2543 475 2580 ln
488 2538 667 2579 multislocisvett.
708 2537 781 2580 Charir.
795 2552 813 2590 p.
825 2535 894 2590 537.s.
910 2538 939 2578 ed.
954 2538 1001 2593 Lips.
1027 2542 1145 2595 Heufinger.

232 2600 331 2649 utriusque
349 2598 431 2651 linguae
450 2597 602 2652 audlorrrmvprn
615 2597 668 2635 Deo·
708 2593 732 2633 nd
742 2594 782 2635 Cic.
792 2593 832 2633 Off.
845 2605 861 2640 1,
871 2604 891 2647 7,
903 2605 919 2648 ς,
929 2606 949 2636 et
959 2597 1001 2649 quis
1014 2610 1054 2636 nort
1064 2597 1145 2647 optimo-

233 2668 278 2695 rum
288 2653 367 2693 nomine
376 2657 441 2694 Deum
456 2651 591 2693 substituerunt
602 2661 622 2691 et
633 2652 669 2690 alla
709 2663 752 2689 rum
768 2649 889 2691 Criticorum
903 2651 928 2693 de
943 2666 968 2693 eo
984 2652 1076 2694 vitiorum
1088 2651 1144 2696 fonte

168 2719 170 2722 ’
232 2711 257 2753 ari
268 2708 387 2754 Christianae
402 2707 511 2763 disciplinae
523 2709 590 2762 legem
599 2707 669 2749 immu-
709 2705 825 2762 conquestus
837 2705 879 2749 est?
