2462 3246
624 211 732 220 -α--ι-

989 186 1047 225 XVH

125 310 196 380 [sript
197 305 556 376 oribusl)graecisetlaamsc)
561 308 676 376 exempla,
690 315 759 384 quae,
772 316 882 376 quatita
840 301 1047 373 4444414444,4]444444

86 396 90 435 ἱ
124 387 271 455 4444444444,
288 382 402 436 sensns'
382 402 416 437 444
432 385 471 446 ad
477 383 650 481 inueniendam
671 398 751 449 4444444
768 380 818 454 lo'ci
833 378 981 448 sententiam,
1002 379 1046 432 (40.-

151 511 173 603 4)
187 551 211 590 In
223 549 326 602 Tlteoplur.
339 513 398 591 Cliar.
414 561 449 603 23,
466 561 484 590 2.
497 549 582 597 aaran

81 604 83 606 ’
124 605 171 646 dicit
186 607 208 651 444
216 612 280 655 444444
295 610 390 658 γράμματα
404 606 444 655 παρ’
454 605 564 676 ’Arriadrpm

122 668 189 709 444404
197 660 218 705 dri
236 669 306 709 λέγοντα
325 664 450 708 παραγενέσθαι
472 660 526 700 udrur
542 666 564 703 444

122 730 169 758 Mane
172 713 254 765 arulae,
250 729 317 770 quae
314 719 357 757 vel
376 716 411 757 lic
406 718 562 771 intelliguntur

122 772 184 825 ipsum
195 787 238 813 cum
252 773 329 813 duobus
339 774 379 831 aliis
389 772 463 812 venill'e
472 796 501 805 -
520 769 563 821 (led

123 841 157 868 cur
166 827 204 868 duo
215 829 297 869 comites
307 824 443 868 memorentur
449 829 468 881 ?)
484 828 515 881 444
527 826 539 866 4
534 841 563 871 c·
585 871 586 874 ,

122 882 179 924 tertia
194 885 236 925 uice
249 883 309 936 ipsum
325 882 401 923 rediill'e
419 884 482 938 (nam
489 897 519 924 co
513 883 564 923 44444

121 941 248 992 Antipatrum
267 942 333 992 plures
349 934 487 991 expeditiones
506 949 562 979 extra

122 994 263 1037 Macedoniam
274 994 294 1035 444
296 993 395 1048 44404444),
411 997 442 1035 4444
448 993 562 1035 maluerunt

121 1056 195 1102 ructator
205 1050 282 1101 scribi,
276 1065 314 1091 44444
327 1062 366 1091 4444
359 1050 428 1102 tdieln
435 1049 506 1095 4444444.
523 1049 562 1092 Sed
579 1074 581 1079 ·
594 1065 614 1104 ,g

121 1119 157 1146 cur
170 1121 217 1165 44044,
233 1107 344 1159 quod
295 1108 356 1146 444444
346 1117 431 1158 aptius
440 1105 485 1154 est
493 1107 562 1146 444444ἐ

121 1162 201 1203 mus?
200 1161 310 1202 (440444404
330 1161 377 1202 dicit
397 1162 430 1202 fibi
444 1137 506 1203 milles
514 1157 562 1202 else

122 1218 203 1282 litteras,
212 1220 390 1270 quaeiamtertium
398 1218 491 1261 iuberent
500 1216 562 1271 ipsum

121 1274 192 1313 venire
211 1273 266 1338 ¹(vna
273 1274 338 1313 littera
350 1285 424 1314 mutata
405 1276 561 1321 taupoeyusarar

121 1327 215 1381 4444440)Ι
210 1343 230 1368 444
238 1330 385 1372 illacecioniam
413 1331 445 1372 8
436 1332 586 1385 4444444444

121 1384 209 1458 hominis
221 1386 281 1458 etiam
291 1386 362 1426 certius
373 1385 458 1439 apparet

150 1497 169 1550 4)
187 1498 212 1536 ln
230 1498 309 1552 4144444
310 1497 337 1538 444
332 1511 371 1538 mo
394 1498 449 1538 initio
471 1500 561 1562 ¹l'ropert.

120 1535 172 1618 ’3,1.
183 1527 382 1611 84444604Ρ44444444,
391 1550 434 1593 444444
427 1555 562 1599 tmaneseius,

121 1617 158 1661 qua
150 1608 220 1648 l'acri
222 1620 286 1655 erant,
301 1624 342 1650 nec
351 1620 402 1660 opus
411 1609 439 1649 est
449 1620 482 1648 4444
494 1623 561 1650 ernen-

120 1663 202 1709 datione
207 1664 268 1717 (nam
277 1665 307 1704 Cl.
317 1658 457 1728 Walsenberg
469 1663 560 1718 legebat:
567 1714 570 1718 ¹

121 1718 187 1761 Colum
197 1717 254 1765 444444,
266 1718 349 1772 Philera)
364 1730 397 1758 4444
407 1722 462 1758 variis
478 1721 560 1771 explica

121 1774 214 1822 tionibus,
229 1787 280 1837 quae
289 1776 356 1828 apud
351 1786 469 1839 interpretes
482 1788 561 1816 memo·-

121 1835 194 1871 ‘tarnim
210 1830 263 1872 Sed
258 1844 278 1870 nr
286 1829 410 1896 verbisfiuite
419 1844 445 1870 me
456 1831 560 1882 irveslrum

118 1900 183 1932 neurus
197 1887 237 1935 ire,
253 1887 335 1927 nimium
349 1888 434 1942 argiitaii
444 1885 482 1927 ess'e
494 1887 558 1927 uiden

121 1954 158 1989 tur,
170 1943 203 1994 qui
213 1942 269 1982 inice
282 1945 391 1998 cogitarunt
402 1956 484 1982 nemora
495 1942 559 2007 sepul-

121 1998 157 2038 cris
171 1997 247 2046 addita,
265 2012 332 2052 neque
342 2001 379 2039 iim
390 2000 479 2051 poeticae
493 2000 559 2053 imagi-

119 2056 149 2095 nis
166 2066 201 2094 404
216 2053 292 2095 44444444
310 2067 363 2108 puto.
398 2059 471 2096 Amant
464 2066 536 2107 pue
537 2069 560 2095 ae

120 2123 204 2151 nemora
218 2121 238 2150 et
252 2112 312 2154 lucos,
347 2114 417 2164 Itaque
432 2125 499 2151 manes
513 2126 559 2163 quo·

121 2178 207 2217 queens
226 2166 316 2207 incolere
342 2169 425 2221 egregie
444 2170 559 2220 Propertius

105 2221 185 2275 ‘fingit
206 2218 249 2273 Ipse
257 2235 304 2262 4440
311 2223 428 2276 inor-editur
439 2222 479 2263 lie.
492 2224 558 2276 ingre-

121 2277 141 2317 di
152 2288 240 2325 conatur,
255 2277 293 2317 linc
305 2292 374 2318 nemus
390 2282 441 2326 (non
456 2278 558 2343 ingredipr

121 2333 153 2373 hic
166 2346 202 2385 pro
216 2334 314 2388 aggredior
325 2336 378 2389 capi,
391 2334 453 2373 multo
464 2336 527 2374 minus
511 2335 559 2374 ain

120 2388 169 2429 illud
184 2392 254 2429 44444444
271 2385 340 2445 debet)
365 2392 439 2444 primus
460 2383 559 2443 {omnium

119 2442 298 2497 Rumarrm·una)et
291 2447 387 2498 tquidem
399 2447 452 2485 uelut
463 2446 558 2500 sacerdos,

120 2501 172 2546 atde
184 2513 239 2552 puro,
250 2501 268 2540 Ι]
274 2516 291 2541 4
302 2504 374 2543 44444440
387 2503 426 2542 aliis
436 2504 507 2554 poe'tis,
518 2517 559 2541 44044

121 2566 254 2597 contaminato
264 2557 338 2607 (adt
306 2571 338 2598 ext
340 2573 415 2605 reanum
424 2573 450 2611 pu
451 2573 489 2598 404
483 2557 559 2598 44044444

90 2616 91 2619 ’
120 2600 155 2652 nifi
165 2612 233 2663 vcst⁴,ru
249 2610 282 2652 led
297 2614 476 2666 illudenquilitius,
493 2626 588 2667 neque

118 2669 167 2711 licet
178 2643 233 2710 haec¹
240 2682 284 2712 cum
295 2669 360 2712 uerbis
371 2670 444 2726 ingredi
445 2685 467 2711 or
472 2669 560 2724 sciendus

965 470 1044 523 ceant,
1081 505 1083 509 ,

604 524 737 601 coniungere,
753 556 773 586 44
787 555 871 599 pariatur
884 535 927 599 pro,
941 556 1014 601 purtga
1016 559 1044 592 444,

602 602 656 642 bene
673 604 732 657 lotus)
746 602 802 643 404444
816 601 867 642 serat
884 603 918 654 (ex
930 600 1043 653 Graecismp

603 675 622 696 44
619 656 704 710 ferie
699 669 739 697 444
735 659 852 711 accipiatur),
868 657 956 722 deducat,
967 647 1043 698 Graeca

603 716 658 768 orgia
675 710 740 766 (sacra,
755 715 841 765 loquitur
849 716 906 754 enim
918 715 972 755 uelut
983 713 1043 754 lacer-

602 770 648 818 tos,
668 769 687 808 h.
699 784 717 811 e.
733 769 800 822 po'r'lin
815 771 920 822 elegiacam
937 770 1044 821 Graecam)

601 840 637 880 per
647 827 706 869 italos
721 827 757 877 (lar
754 825 812 888 44404)
826 825 895 865 choros
910 827 1008 878 (carmina
1017 824 1044 864 44

592 883 661 935 44444),
677 880 695 921 44
701 895 718 921 4
729 879 1043 935 primusadrellrumexemplum

600 940 688 979 Latinam
712 950 836 1001 componere
864 951 926 977 conor
950 939 1042 993 elegiam

600 991 767 1045 (composuerant
786 994 840 1033 enim
857 994 888 1033 alii
905 1007 984 1047 quoque
1003 996 1042 1033 ele-

600 1109 652 1146 letae
663 1101 824 1157 ercutimachi.)
845 1103 915 1158 Neque
925 1101 1042 1158 uideo-quu-

600 1161 661 1202 matlo
668 1160 710 1200 hac
720 1165 791 1213 poetae
802 1161 874 1200 diuum
888 1172 921 1201 aut
931 1162 1042 1215 4444444444

593 1217 656 1272 'lipne
673 1217 762 1257 ianuarii
785 1216 837 1269 apud
855 1217 923 1262 Vultu
877 1220 918 1271 ipit
917 1231 942 1257 uu
961 1229 1041 1258 notetur

602 1267 634 1313 4444
654 1271 770 1314 delenlione
789 1271 882 1329 limilium
904 1274 1042 1327 exemplorum

601 1328 696 1382 apudr
667 1326 790 1368 Burinmruuu
771 1324 874 1383 turegeat.
909 1331 981 1370 Nam
975 1345 996 1370 m
1011 1320 1042 1370 liis

600 1385 613 1425 s
608 1386 732 1437 mpliciter
727 1396 784 1425 44444
777 1382 834 1425 44444
847 1385 965 1439 imaginibus
981 1388 1042 1438 potn-

601 1442 627 1482 cis
640 1442 757 1481 enunciatis:
778 1444 874 1482 04444444
886 1442 1001 1483 Callimachi
1012 1453 1041 1482 at.-

601 1510 639 1550 que
649 1486 746 1545 Pliiletae,
762 1497 785 1537 ad
798 1510 882 1548 quaerum
893 1500 1001 1551 exempla
999 1500 1040 1550 4444,-

600 1556 644 1592 444444
658 1554 727 1607 elegos
740 1565 866 1618 componere
883 1554 967 1603 audeo,
980 1550 1039 1594 dicite

587 1607 588 1610 ’
600 1620 635 1648 etc
649 1609 697 1672 quid¹
705 1609 800 1648 tandem'
790 1610 857 1664 inepti
871 1609 933 1659 inest,
949 1623 999 1663 quae
1007 1610 1039 1653 vel

598 1663 618 1704 su
620 1662 697 1716 4444440Ἰ
692 1665 756 1704 44444444
774 1661 912 1720 gloriationis?
932 1679 971 1720 ego
984 1677 1038 1705 certe

598 1721 671 1759 nullam
683 1717 751 1759 4444440
779 1721 819 1759 lam
833 1735 848 1766 4
858 1721 948 1760 nianibus
959 1723 1038 1762 illorum

598 1779 645 1829 pn'ct
647 1789 701 1815 ar-nm
683 1775 799 1816 inindicari
815 1776 875 1816 fibi
865 1778 917 1840 uult,
936 1778 1038 1842 quomodo

598 1831 659 1871 ad'l
631 1847 650 1871 m
653 1830 728 1886 lignem
739 1832 793 1871 illam
802 1833 933 1884 peruenerint
940 1835 1038 1890 patricam

597 1887 715 1928 facultatem
747 1886 818 1929 ¹Carent
820 1903 832 1927 n
848 1898 929 1929 tenuare
945 1903 987 1929 non
1002 1889 1038 1941 est,

597 1944 672 1984 illudt
665 1954 726 1983 etnne
748 1943 838 1992 efficere,
860 1943 894 1983 led
915 1958 1038 1996 componere

599 2013 676 2039 carmen
691 2010 765 2050 tenue,
779 2013 817 2040 nec
832 1999 923 2039 alluditur
936 2000 960 2040 ad
977 2012 1038 2041 tenue
1088 2013 1095 2021 ²

599 2054 678 2095 dicendi
689 2068 759 2110 genus,
769 2069 807 2108 quo
820 2055 844 2094 44
853 2056 941 2109 inprimis
952 2055 1038 2099 44444141-

598 2111 691 2152 limaclius
707 2122 765 2164 arque
782 2111 877 2160 Philetas]
895 2126 1038 2153 rerumvtenue
1084 2113 1085 2116 ’

599 2181 677 2207 carmen
693 2167 721 2206 est
736 2169 801 2220 elegia
814 2168 936 2219 simpliciter,
959 2171 1037 2209 ratione

597 2224 685 2263 carminis
696 2223 746 2274 epici
761 2222 830 2261 habita.
861 2227 912 2263 Tum
926 2226 984 2275 poeta
998 2225 1036 2264 linc

577 2283 579 2287 '
597 2279 652 2319 dicit:
670 2278 768 2331 quodnam
779 2289 855 2318 antrum
866 2277 908 2325 fuit,
919 2280 986 2332 inquo
997 2281 1037 2321 ele-

598 2336 650 2389 giam
664 2332 811 2386 composuistis,
837 2335 922 2386 (etenim
940 2337 960 2375 in
977 2333 1037 2377 antris
1064 2381 1066 2383 ‚

598 2392 679 2431 0444444440
700 2393 771 2443 poetae
793 2388 880 2442 inspirari
901 2392 1037 2436 credebantur.

598 2461 636 2488 nec
653 2447 781 2499 Delphicum,
797 2446 903 2486 Castalium
924 2458 956 2487 aut
975 2448 1038 2488 4444414

598 2504 712 2542 44044444444444
724 2502 849 2555 intelligitur)
856 2501 975 2555 ,quomedo
987 2504 1038 2544 illud

597 2558 675 2611 ingrelli
687 2559 740 2605 estis,
756 2564 794 2610 qua‘
804 2555 961 2607 44440444414444444
976 2561 1038 2614 440444-

598 2612 810 2666 cunilpmtum,1e
825 2629 864 2667 quo
874 2615 939 2654 modo
955 2619 1038 2656 carmina

599 2671 686 2725 elegiaca
697 2683 754 2724 conip
749 2666 874 2712 4404444444
845 2672 874 2724 (rt
883 2684 955 2725 nempe
968 2672 1038 2711 imitari

669 2731 691 2783 C
1001 2739 1036 2768 404

616 1052 654 1090 iaca
666 1049 756 1095 carmina,
765 1045 798 1089 led
807 1062 848 1088 non
859 1047 1051 1101 adenemplarPlriss.
1092 1045 1094 1047 ¹
1107 1051 1109 1055 ’
