<?xml version="1.0" encoding="UTF-8"?>
<!DOCTYPE html PUBLIC "-//W3C//DTD XHTML 1.0 Transitional//EN"
    "http://www.w3.org/TR/xhtml1/DTD/xhtml1-transitional.dtd">
<html xmlns="http://www.w3.org/1999/xhtml" xml:lang="en" lang="en">
 <head>
  <title>
</title>
<meta http-equiv="Content-Type" content="text/html;charset=utf-8" />
  <meta name='ocr-system' content='tesseract 3.04.00' />
  <meta name='ocr-capabilities' content='ocr_page ocr_carea ocr_par ocr_line ocrx_word'/>
</head>
<body>
  <div class='ocr_page' id='page_1' title='image "MN40374ucmf_4_0041.png"; bbox 0 0 2462 3246; ppageno 0'>
   <div class='ocr_carea' id='block_1_1' title="bbox 52 1718 563 1774">
    <p class='ocr_par' dir='ltr' id='par_1_1' title="bbox 52 1718 563 1774">
     <span class='ocr_line' id='line_1_1' title="bbox 52 1718 563 1774; baseline 0.006 -16"><span class='ocrx_word' id='word_1_1' title='bbox 52 1757 58 1773; x_wconf 21' lang='grc' dir='ltr'><strong>ἡ</strong></span> <span class='ocrx_word' id='word_1_2' title='bbox 125 1730 180 1772; x_wconf 77' lang='lat' dir='ltr'>erat,</span> <span class='ocrx_word' id='word_1_3' title='bbox 200 1720 233 1772; x_wconf 89' lang='lat' dir='ltr'>qui</span> <span class='ocrx_word' id='word_1_4' title='bbox 247 1720 308 1760; x_wconf 80' lang='lat' dir='ltr'>verba</span> <span class='ocrx_word' id='word_1_5' title='bbox 318 1721 352 1761; x_wconf 85' lang='lat' dir='ltr'>iila</span> <span class='ocrx_word' id='word_1_6' title='bbox 362 1718 477 1774; x_wconf 75' lang='lat' dir='ltr'>Nymphae,</span> <span class='ocrx_word' id='word_1_7' title='bbox 497 1734 563 1772; x_wconf 90' lang='lat' dir='ltr'>neque</span> 
     </span>
    </p>
   </div>
   <div class='ocr_carea' id='block_1_2' title="bbox 965 196 1042 240">
    <p class='ocr_par' dir='ltr' id='par_1_2' title="bbox 965 196 1042 240">
     <span class='ocr_line' id='line_1_2' title="bbox 965 196 1042 240; baseline 0.065 -8"><span class='ocrx_word' id='word_1_8' title='bbox 965 196 1042 240; x_wconf 70' lang='lat' dir='ltr'>xxvi!</span> 
     </span>
    </p>
   </div>
   <div class='ocr_carea' id='block_1_3' title="bbox 398 192 735 239">
    <p class='ocr_par' dir='ltr' id='par_1_3' title="bbox 398 192 735 239">
     <span class='ocr_line' id='line_1_3' title="bbox 398 192 735 239; baseline -0.009 -10"><span class='ocrx_word' id='word_1_9' title='bbox 398 192 735 239; x_wconf 41' lang='lat' dir='ltr'>*weh-3:22«</span> 
     </span>
    </p>
   </div>
   <div class='ocr_carea' id='block_1_4' title="bbox 124 308 1110 1060">
    <p class='ocr_par' dir='ltr' id='par_1_4' title="bbox 124 308 1110 1060">
     <span class='ocr_line' id='line_1_4' title="bbox 130 308 1041 385; baseline 0.001 -18"><span class='ocrx_word' id='word_1_10' title='bbox 130 320 201 379; x_wconf 85' lang='lat' dir='ltr'>Quae</span> <span class='ocrx_word' id='word_1_11' title='bbox 218 314 312 367; x_wconf 79' lang='lat' dir='ltr'>scientia</span> <span class='ocrx_word' id='word_1_12' title='bbox 326 314 371 368; x_wconf 83' lang='lat' dir='ltr'>irue</span> <span class='ocrx_word' id='word_1_13' title='bbox 388 317 535 384; x_wconf 66' lang='lat' dir='ltr'>coniectura,</span> <span class='ocrx_word' id='word_1_14' title='bbox 557 333 609 383; x_wconf 90' lang='lat' dir='ltr'>qno</span> <span class='ocrx_word' id='word_1_15' title='bbox 626 314 705 367; x_wconf 89' lang='lat' dir='ltr'>modo</span> <span class='ocrx_word' id='word_1_16' title='bbox 721 329 751 364; x_wconf 82' lang='lat' dir='ltr'>cr</span> <span class='ocrx_word' id='word_1_17' title='bbox 771 308 888 385; x_wconf 82' lang='lat' dir='ltr'>omnibus</span> <span class='ocrx_word' id='word_1_18' title='bbox 907 315 1041 369; x_wconf 81' lang='lat' dir='ltr'>remorum</span> 
     </span>
     <span class='ocr_line' id='line_1_5' title="bbox 127 388 1040 460; baseline 0 -17"><span class='ocrx_word' id='word_1_19' title='bbox 127 391 491 460; x_wconf 19' lang='lat' dir='ltr'>copiis,Grammaticorumque</span> <span class='ocrx_word' id='word_1_20' title='bbox 503 390 615 442; x_wconf 71' lang='lat' dir='ltr'>thesauris</span> <span class='ocrx_word' id='word_1_21' title='bbox 625 392 707 458; x_wconf 86' lang='lat' dir='ltr'>potius</span> <span class='ocrx_word' id='word_1_22' title='bbox 718 388 827 452; x_wconf 84' lang='lat' dir='ltr'>ducatur,</span> <span class='ocrx_word' id='word_1_23' title='bbox 848 405 919 456; x_wconf 79' lang='lat' dir='ltr'>quant</span> <span class='ocrx_word' id='word_1_24' title='bbox 931 389 961 441; x_wconf 81' lang='lat' dir='ltr'>ex</span> <span class='ocrx_word' id='word_1_25' title='bbox 972 391 1040 445; x_wconf 71' lang='lat' dir='ltr'>teilo</span> 
     </span>
     <span class='ocr_line' id='line_1_6' title="bbox 125 463 1039 535; baseline -0.001 -16"><span class='ocrx_word' id='word_1_26' title='bbox 125 463 192 519; x_wconf 81' lang='lat' dir='ltr'>iensu</span> <span class='ocrx_word' id='word_1_27' title='bbox 201 466 343 535; x_wconf 66' lang='lat' dir='ltr'>&#39;iudicioque</span> <span class='ocrx_word' id='word_1_28' title='bbox 354 468 447 534; x_wconf 81' lang='lat' dir='ltr'>acriori,</span> <span class='ocrx_word' id='word_1_29' title='bbox 464 483 515 533; x_wconf 79' lang='lat' dir='ltr'>quo</span> <span class='ocrx_word' id='word_1_30' title='bbox 526 466 551 516; x_wconf 89' lang='lat' dir='ltr'>in</span> <span class='ocrx_word' id='word_1_31' title='bbox 561 464 600 517; x_wconf 87' lang='lat' dir='ltr'>iila</span> <span class='ocrx_word' id='word_1_32' title='bbox 609 464 656 533; x_wconf 88' lang='lat' dir='ltr'>ipsa</span> <span class='ocrx_word' id='word_1_33' title='bbox 669 466 729 530; x_wconf 73' lang='lat' dir='ltr'>loca,</span> <span class='ocrx_word' id='word_1_34' title='bbox 739 479 764 515; x_wconf 87' lang='lat' dir='ltr'>et</span> <span class='ocrx_word' id='word_1_35' title='bbox 773 479 835 531; x_wconf 88' lang='lat' dir='ltr'>qnae</span> <span class='ocrx_word' id='word_1_36' title='bbox 847 463 1039 533; x_wconf 82' lang='lat' dir='ltr'>iisatlnerasunt,</span> 
     </span>
     <span class='ocr_line' id='line_1_7' title="bbox 125 539 1039 610; baseline 0.002 -18"><span class='ocrx_word' id='word_1_37' title='bbox 125 541 271 608; x_wconf 83' lang='lat' dir='ltr'>inquiratur,</span> <span class='ocrx_word' id='word_1_38' title='bbox 291 543 361 593; x_wconf 82' lang='lat' dir='ltr'>veiim</span> <span class='ocrx_word' id='word_1_39' title='bbox 379 541 482 610; x_wconf 84' lang='lat' dir='ltr'>quisque</span> <span class='ocrx_word' id='word_1_40' title='bbox 501 542 580 593; x_wconf 87' lang='lat' dir='ltr'>secum</span> <span class='ocrx_word' id='word_1_41' title='bbox 598 539 646 608; x_wconf 83' lang='lat' dir='ltr'>ipse</span> <span class='ocrx_word' id='word_1_42' title='bbox 662 555 763 608; x_wconf 84' lang='lat' dir='ltr'>reputet.</span> <span class='ocrx_word' id='word_1_43' title='bbox 803 541 870 590; x_wconf 87' lang='lat' dir='ltr'>Nam</span> <span class='ocrx_word' id='word_1_44' title='bbox 887 540 956 608; x_wconf 87' lang='lat' dir='ltr'>quod</span> <span class='ocrx_word' id='word_1_45' title='bbox 972 559 1039 595; x_wconf 89' lang='lat' dir='ltr'>nunc</span> 
     </span>
     <span class='ocr_line' id='line_1_8' title="bbox 126 615 1055 685; baseline 0.003 -18"><span class='ocrx_word' id='word_1_46' title='bbox 126 630 223 685; x_wconf 85' lang='lat' dir='ltr'>ternpus</span> <span class='ocrx_word' id='word_1_47' title='bbox 233 617 327 668; x_wconf 81' lang='lat' dir='ltr'>fabulae</span> <span class='ocrx_word' id='word_1_48' title='bbox 337 616 406 685; x_wconf 75' lang='lat' dir='ltr'>ailae,</span> <span class='ocrx_word' id='word_1_49' title='bbox 425 615 542 669; x_wconf 85' lang='lat' dir='ltr'>orationis</span> <span class='ocrx_word' id='word_1_50' title='bbox 554 616 653 677; x_wconf 81' lang='lat' dir='ltr'>habitae,</span> <span class='ocrx_word' id='word_1_51' title='bbox 670 617 766 681; x_wconf 81' lang='lat' dir='ltr'>locique</span> <span class='ocrx_word' id='word_1_52' title='bbox 776 615 908 683; x_wconf 79' lang='lat' dir='ltr'>propofiti,</span> <span class='ocrx_word' id='word_1_53' title='bbox 928 634 941 667; x_wconf 89' lang='lat' dir='ltr'>e</span> <span class='ocrx_word' id='word_1_54' title='bbox 959 617 1039 671; x_wconf 73' lang='lat' dir='ltr'>danis</span> <span class='ocrx_word' id='word_1_55' title='bbox 1053 635 1055 638; x_wconf 85' lang='lat'>·</span> 
     </span>
     <span class='ocr_line' id='line_1_9' title="bbox 125 686 1101 759; baseline 0.003 -16"><span class='ocrx_word' id='word_1_56' title='bbox 125 686 270 759; x_wconf 77' lang='lat' dir='ltr'>antiquitatis</span> <span class='ocrx_word' id='word_1_57' title='bbox 282 692 447 744; x_wconf 77' lang='lat' dir='ltr'>monumentis</span> <span class='ocrx_word' id='word_1_58' title='bbox 458 689 621 759; x_wconf 78' lang='lat' dir='ltr'>cognoscitur,</span> <span class='ocrx_word' id='word_1_59' title='bbox 638 706 705 741; x_wconf 90' lang='lat' dir='ltr'>nunc</span> <span class='ocrx_word' id='word_1_60' title='bbox 714 687 833 755; x_wconf 76' lang='lat' dir='ltr'>fingulatis</span> <span class='ocrx_word' id='word_1_61' title='bbox 845 690 902 741; x_wconf 75' lang='lat' dir='ltr'>dieti</span> <span class='ocrx_word' id='word_1_62' title='bbox 913 692 1038 747; x_wconf 83' lang='lat' dir='ltr'>cuiusdam</span> <span class='ocrx_word' id='word_1_63' title='bbox 1100 698 1101 701; x_wconf 75' lang='grc'>’</span> 
     </span>
     <span class='ocr_line' id='line_1_10' title="bbox 124 764 1038 836; baseline 0.002 -18"><span class='ocrx_word' id='word_1_64' title='bbox 124 767 162 818; x_wconf 88' lang='lat' dir='ltr'>vis</span> <span class='ocrx_word' id='word_1_65' title='bbox 174 782 204 817; x_wconf 89' lang='lat' dir='ltr'>ex</span> <span class='ocrx_word' id='word_1_66' title='bbox 217 767 435 820; x_wconf 80' lang='lat' dir='ltr'>Grammaticorum</span> <span class='ocrx_word' id='word_1_67' title='bbox 447 767 526 836; x_wconf 83' lang='lat' dir='ltr'>copiis</span> <span class='ocrx_word' id='word_1_68' title='bbox 542 766 648 832; x_wconf 91' lang='lat' dir='ltr'>eruitur,</span> <span class='ocrx_word' id='word_1_69' title='bbox 668 764 691 816; x_wconf 90' lang='lat' dir='ltr'>id</span> <span class='ocrx_word' id='word_1_70' title='bbox 707 781 759 816; x_wconf 93' lang='lat' dir='ltr'>non</span> <span class='ocrx_word' id='word_1_71' title='bbox 769 781 867 816; x_wconf 88' lang='lat' dir='ltr'>omnem</span> <span class='ocrx_word' id='word_1_72' title='bbox 883 782 947 835; x_wconf 87' lang='lat' dir='ltr'>rem,</span> <span class='ocrx_word' id='word_1_73' title='bbox 964 785 1038 835; x_wconf 84' lang='lat' dir='ltr'>qnam</span> 
     </span>
     <span class='ocr_line' id='line_1_11' title="bbox 125 840 1040 912; baseline 0.004 -21"><span class='ocrx_word' id='word_1_74' title='bbox 125 857 225 909; x_wconf 86' lang='lat' dir='ltr'>quaero,</span> <span class='ocrx_word' id='word_1_75' title='bbox 239 842 361 894; x_wconf 80' lang='lat' dir='ltr'>conticere</span> <span class='ocrx_word' id='word_1_76' title='bbox 374 857 448 911; x_wconf 82' lang='lat' dir='ltr'>patet.</span> <span class='ocrx_word' id='word_1_77' title='bbox 487 841 535 893; x_wconf 88' lang='lat' dir='ltr'>Sed</span> <span class='ocrx_word' id='word_1_78' title='bbox 546 841 714 893; x_wconf 79' lang='lat' dir='ltr'>contrahenda</span> <span class='ocrx_word' id='word_1_79' title='bbox 727 840 760 892; x_wconf 85' lang='lat' dir='ltr'>est</span> <span class='ocrx_word' id='word_1_80' title='bbox 774 841 833 910; x_wconf 67' lang='lat' dir='ltr'>llaec</span> <span class='ocrx_word' id='word_1_81' title='bbox 843 840 923 892; x_wconf 85' lang='lat' dir='ltr'>omnis</span> <span class='ocrx_word' id='word_1_82' title='bbox 935 842 1040 912; x_wconf 82' lang='lat' dir='ltr'>disputa-</span> 
     </span>
     <span class='ocr_line' id='line_1_12' title="bbox 124 916 1110 988; baseline 0.004 -22"><span class='ocrx_word' id='word_1_83' title='bbox 124 918 160 967; x_wconf 86' lang='lat' dir='ltr'>tio</span> <span class='ocrx_word' id='word_1_84' title='bbox 172 932 196 967; x_wconf 89' lang='lat' dir='ltr'>et</span> <span class='ocrx_word' id='word_1_85' title='bbox 211 918 285 988; x_wconf 81' lang='lat' dir='ltr'>multa</span> <span class='ocrx_word' id='word_1_86' title='bbox 305 918 418 972; x_wconf 83' lang='lat' dir='ltr'>seruanda</span> <span class='ocrx_word' id='word_1_87' title='bbox 433 917 486 970; x_wconf 89' lang='lat' dir='ltr'>sunt</span> <span class='ocrx_word' id='word_1_88' title='bbox 501 916 607 984; x_wconf 83' lang='lat' dir='ltr'>sequenti</span> <span class='ocrx_word' id='word_1_89' title='bbox 625 916 847 976; x_wconf 50' lang='lat' dir='ltr'>Commentationit</span> <span class='ocrx_word' id='word_1_90' title='bbox 880 918 941 988; x_wconf 81' lang='lat' dir='ltr'>Qo</span> <span class='ocrx_word' id='word_1_91' title='bbox 954 920 1040 987; x_wconf 66' lang='lat' dir='ltr'>copim</span> <span class='ocrx_word' id='word_1_92' title='bbox 1109 922 1110 925; x_wconf 75' lang='grc'>’</span> 
     </span>
     <span class='ocr_line' id='line_1_13' title="bbox 124 989 1039 1060; baseline 0.005 -19"><span class='ocrx_word' id='word_1_93' title='bbox 124 989 170 1042; x_wconf 86' lang='lat' dir='ltr'>stus</span> <span class='ocrx_word' id='word_1_94' title='bbox 181 1009 238 1043; x_wconf 84' lang='lat' dir='ltr'>reto</span> <span class='ocrx_word' id='word_1_95' title='bbox 249 994 339 1046; x_wconf 81' lang='lat' dir='ltr'>docete</span> <span class='ocrx_word' id='word_1_96' title='bbox 348 1007 450 1046; x_wconf 82' lang='lat' dir='ltr'>conatus</span> <span class='ocrx_word' id='word_1_97' title='bbox 462 991 525 1059; x_wconf 84' lang='lat' dir='ltr'>sum,</span> <span class='ocrx_word' id='word_1_98' title='bbox 545 991 591 1044; x_wconf 85' lang='lat' dir='ltr'>elie</span> <span class='ocrx_word' id='word_1_99' title='bbox 606 991 643 1043; x_wconf 85' lang='lat' dir='ltr'>uel</span> <span class='ocrx_word' id='word_1_100' title='bbox 652 990 682 1042; x_wconf 89' lang='lat' dir='ltr'>ad</span> <span class='ocrx_word' id='word_1_101' title='bbox 695 990 763 1041; x_wconf 81' lang='lat' dir='ltr'>ctifin</span> <span class='ocrx_word' id='word_1_102' title='bbox 776 990 812 1042; x_wconf 81' lang='lat' dir='ltr'>uei</span> <span class='ocrx_word' id='word_1_103' title='bbox 823 990 853 1042; x_wconf 81' lang='lat' dir='ltr'>ad</span> <span class='ocrx_word' id='word_1_104' title='bbox 865 992 1039 1060; x_wconf 85' lang='lat' dir='ltr'>interpretatio·</span> 
     </span>
    </p>
   </div>
   <div class='ocr_carea' id='block_1_5' title="bbox 119 1065 1040 1199">
    <p class='ocr_par' dir='ltr' id='par_1_5' title="bbox 119 1065 1040 1199">
     <span class='ocr_line' id='line_1_14' title="bbox 119 1065 1039 1143; baseline -0.001 -21"><span class='ocrx_word' id='word_1_105' title='bbox 119 1082 182 1122; x_wconf 66' lang='lat' dir='ltr'>,nem</span> <span class='ocrx_word' id='word_1_106' title='bbox 198 1066 341 1139; x_wconf 86' lang='lat' dir='ltr'>scriptorum</span> <span class='ocrx_word' id='word_1_107' title='bbox 356 1083 465 1143; x_wconf 80' lang='lat' dir='ltr'>ueterum</span> <span class='ocrx_word' id='word_1_108' title='bbox 483 1067 643 1121; x_wconf 85' lang='lat' dir='ltr'>adhibendam</span> <span class='ocrx_word' id='word_1_109' title='bbox 658 1065 736 1120; x_wconf 86' lang='lat' dir='ltr'>senius</span> <span class='ocrx_word' id='word_1_110' title='bbox 751 1065 808 1140; x_wconf 77' lang='lat' dir='ltr'>reili</span> <span class='ocrx_word' id='word_1_111' title='bbox 822 1066 986 1137; x_wconf 86' lang='lat' dir='ltr'>subtilitatem,</span> <span class='ocrx_word' id='word_1_112' title='bbox 1007 1086 1039 1122; x_wconf 87' lang='lat' dir='ltr'>eo</span> 
     </span>
     <span class='ocr_line' id='line_1_15' title="bbox 284 1142 1040 1199; baseline 0.001 -3"><span class='ocrx_word' id='word_1_113' title='bbox 284 1155 292 1166; x_wconf 67' lang='lat'>²</span> <span class='ocrx_word' id='word_1_114' title='bbox 594 1142 673 1199; x_wconf 76' lang='lat' dir='ltr'>Da.</span> <span class='ocrx_word' id='word_1_115' title='bbox 740 1183 741 1186; x_wconf 66' lang='lat'>,</span> <span class='ocrx_word' id='word_1_116' title='bbox 799 1191 802 1194; x_wconf 74' lang='grc'><strong><em>,</em></strong></span> <span class='ocrx_word' id='word_1_117' title='bbox 879 1186 882 1191; x_wconf 86' lang='grc'>.</span> <span class='ocrx_word' id='word_1_118' title='bbox 987 1144 1040 1198; x_wconf 69' lang='lat' dir='ltr'>bre⁴</span> 
     </span>
    </p>
   </div>
   <div class='ocr_carea' id='block_1_6' title="bbox 602 1261 1101 1441">
    <p class='ocr_par' dir='ltr' id='par_1_6' title="bbox 602 1261 1101 1441">
     <span class='ocr_line' id='line_1_16' title="bbox 603 1261 1038 1324; baseline 0 -9"><span class='ocrx_word' id='word_1_119' title='bbox 603 1261 658 1324; x_wconf 74' lang='lat' dir='ltr'>data,</span> <span class='ocrx_word' id='word_1_120' title='bbox 674 1271 768 1313; x_wconf 83' lang='lat' dir='ltr'>defendet</span> <span class='ocrx_word' id='word_1_121' title='bbox 786 1271 855 1314; x_wconf 83' lang='lat' dir='ltr'>eadent</span> <span class='ocrx_word' id='word_1_122' title='bbox 866 1286 932 1314; x_wconf 83' lang='lat' dir='ltr'>rerum</span> <span class='ocrx_word' id='word_1_123' title='bbox 943 1284 963 1315; x_wconf 91' lang='lat' dir='ltr'>et</span> <span class='ocrx_word' id='word_1_124' title='bbox 974 1273 1038 1316; x_wconf 78' lang='lat' dir='ltr'>nomi-</span> 
     </span>
     <span class='ocr_line' id='line_1_17' title="bbox 603 1325 1040 1380; baseline 0.002 -9"><span class='ocrx_word' id='word_1_125' title='bbox 603 1334 652 1380; x_wconf 85' lang='lat' dir='ltr'>num</span> <span class='ocrx_word' id='word_1_126' title='bbox 667 1328 785 1370; x_wconf 85' lang='lat' dir='ltr'>conditionis</span> <span class='ocrx_word' id='word_1_127' title='bbox 800 1325 920 1377; x_wconf 78' lang='lat' dir='ltr'>obseruatio,</span> <span class='ocrx_word' id='word_1_128' title='bbox 935 1342 954 1370; x_wconf 87' lang='lat' dir='ltr'>rt</span> <span class='ocrx_word' id='word_1_129' title='bbox 967 1332 988 1371; x_wconf 90' lang='lat' dir='ltr'>in</span> <span class='ocrx_word' id='word_1_130' title='bbox 1004 1332 1040 1373; x_wconf 85' lang='lat' dir='ltr'>So-</span> 
     </span>
     <span class='ocr_line' id='line_1_18' title="bbox 602 1381 1101 1441; baseline 0.004 -15"><span class='ocrx_word' id='word_1_131' title='bbox 602 1381 676 1439; x_wconf 71' lang='lat' dir='ltr'>pltotlio</span> <span class='ocrx_word' id='word_1_132' title='bbox 695 1386 773 1437; x_wconf 80' lang='lat' dir='ltr'>Oedipo</span> <span class='ocrx_word' id='word_1_133' title='bbox 786 1388 881 1439; x_wconf 81' lang='lat' dir='ltr'>Tyranno</span> <span class='ocrx_word' id='word_1_134' title='bbox 901 1387 1039 1441; x_wconf 84' lang='lat' dir='ltr'>Euripidisque</span> <span class='ocrx_word' id='word_1_135' title='bbox 1099 1434 1101 1437; x_wconf 21' lang='lat'><strong><em>¹</em></strong></span> 
     </span>
    </p>
   </div>
   <div class='ocr_carea' id='block_1_7' title="bbox 69 1272 566 1664">
    <p class='ocr_par' dir='ltr' id='par_1_7' title="bbox 69 1272 566 1664">
     <span class='ocr_line' id='line_1_19' title="bbox 126 1272 566 1337; baseline -0.002 -21"><span class='ocrx_word' id='word_1_136' title='bbox 126 1272 187 1316; x_wconf 80' lang='lat' dir='ltr'>Cuius</span> <span class='ocrx_word' id='word_1_137' title='bbox 203 1273 283 1327; x_wconf 86' lang='lat' dir='ltr'>quidem</span> <span class='ocrx_word' id='word_1_138' title='bbox 302 1275 402 1337; x_wconf 77' lang='lat' dir='ltr'>diligentis</span> <span class='ocrx_word' id='word_1_139' title='bbox 423 1272 566 1323; x_wconf 77' lang='lat' dir='ltr'>obseruationis</span> 
     </span>
     <span class='ocr_line' id='line_1_20' title="bbox 77 1330 565 1382; baseline 0.008 -15"><span class='ocrx_word' id='word_1_140' title='bbox 77 1369 79 1372; x_wconf 72' lang='grc'><em>,</em></span> <span class='ocrx_word' id='word_1_141' title='bbox 125 1338 250 1382; x_wconf 79' lang='lat' dir='ltr'>temporum,</span> <span class='ocrx_word' id='word_1_142' title='bbox 265 1345 331 1372; x_wconf 87' lang='lat' dir='ltr'>retum</span> <span class='ocrx_word' id='word_1_143' title='bbox 346 1344 365 1373; x_wconf 92' lang='lat' dir='ltr'>et</span> <span class='ocrx_word' id='word_1_144' title='bbox 380 1332 483 1372; x_wconf 89' lang='lat' dir='ltr'>hominum</span> <span class='ocrx_word' id='word_1_145' title='bbox 499 1330 565 1372; x_wconf 90' lang='lat' dir='ltr'>condi·</span> 
     </span>
     <span class='ocr_line' id='line_1_21' title="bbox 126 1382 565 1440; baseline 0.007 -17"><span class='ocrx_word' id='word_1_146' title='bbox 126 1382 185 1424; x_wconf 87' lang='lat' dir='ltr'>tionis</span> <span class='ocrx_word' id='word_1_147' title='bbox 199 1388 283 1427; x_wconf 85' lang='lat' dir='ltr'>maxima</span> <span class='ocrx_word' id='word_1_148' title='bbox 299 1387 406 1429; x_wconf 74' lang='lat' dir='ltr'>neceiiitau</span> <span class='ocrx_word' id='word_1_149' title='bbox 415 1388 443 1427; x_wconf 88' lang='lat' dir='ltr'>est</span> <span class='ocrx_word' id='word_1_150' title='bbox 456 1388 479 1440; x_wconf 84' lang='lat'>1)</span> <span class='ocrx_word' id='word_1_151' title='bbox 491 1388 511 1428; x_wconf 89' lang='lat' dir='ltr'>in</span> <span class='ocrx_word' id='word_1_152' title='bbox 526 1401 565 1427; x_wconf 83' lang='lat' dir='ltr'>car·</span> 
     </span>
     <span class='ocr_line' id='line_1_22' title="bbox 90 1440 564 1496; baseline 0.002 -15"><span class='ocrx_word' id='word_1_153' title='bbox 90 1468 92 1472; x_wconf 92' lang='lat'>-</span> <span class='ocrx_word' id='word_1_154' title='bbox 127 1440 212 1481; x_wconf 83' lang='lat' dir='ltr'>minibus</span> <span class='ocrx_word' id='word_1_155' title='bbox 234 1441 356 1494; x_wconf 79' lang='lat' dir='ltr'>dramadcis,</span> <span class='ocrx_word' id='word_1_156' title='bbox 377 1444 482 1496; x_wconf 87' lang='lat' dir='ltr'>epicorum</span> <span class='ocrx_word' id='word_1_157' title='bbox 505 1444 564 1484; x_wconf 84' lang='lat' dir='ltr'>etiam</span> 
     </span>
     <span class='ocr_line' id='line_1_23' title="bbox 124 1496 563 1552; baseline 0.007 -17"><span class='ocrx_word' id='word_1_158' title='bbox 124 1496 178 1543; x_wconf 79' lang='lat' dir='ltr'>loeis,</span> <span class='ocrx_word' id='word_1_159' title='bbox 191 1497 266 1552; x_wconf 82' lang='lat' dir='ltr'>idyliris</span> <span class='ocrx_word' id='word_1_160' title='bbox 280 1500 391 1540; x_wconf 83' lang='lat' dir='ltr'>amoebaeis</span> <span class='ocrx_word' id='word_1_161' title='bbox 400 1499 488 1552; x_wconf 85' lang='lat' dir='ltr'>aliisque,</span> <span class='ocrx_word' id='word_1_162' title='bbox 502 1499 563 1539; x_wconf 88' lang='lat' dir='ltr'>omni·</span> 
     </span>
     <span class='ocr_line' id='line_1_24' title="bbox 69 1550 564 1609; baseline 0.004 -16"><span class='ocrx_word' id='word_1_163' title='bbox 69 1589 71 1593; x_wconf 82' lang='grc'>,</span> <span class='ocrx_word' id='word_1_164' title='bbox 125 1550 196 1603; x_wconf 78' lang='lat' dir='ltr'>husiis</span> <span class='ocrx_word' id='word_1_165' title='bbox 210 1555 242 1594; x_wconf 87' lang='lat' dir='ltr'>vel</span> <span class='ocrx_word' id='word_1_166' title='bbox 252 1554 325 1607; x_wconf 80' lang='lat' dir='ltr'>[criptis</span> <span class='ocrx_word' id='word_1_167' title='bbox 334 1557 364 1596; x_wconf 88' lang='lat' dir='ltr'>vel</span> <span class='ocrx_word' id='word_1_168' title='bbox 376 1554 435 1602; x_wconf 85' lang='lat' dir='ltr'>locis,</span> <span class='ocrx_word' id='word_1_169' title='bbox 450 1554 520 1609; x_wconf 85' lang='lat' dir='ltr'>quibus</span> <span class='ocrx_word' id='word_1_170' title='bbox 532 1557 564 1595; x_wconf 82' lang='lat' dir='ltr'>aut</span> 
     </span>
     <span class='ocr_line' id='line_1_25' title="bbox 125 1607 565 1664; baseline 0.002 -18"><span class='ocrx_word' id='word_1_171' title='bbox 125 1608 207 1664; x_wconf 77' lang='lat' dir='ltr'>agentes</span> <span class='ocrx_word' id='word_1_172' title='bbox 228 1611 273 1661; x_wconf 81' lang='lat' dir='ltr'>quid</span> <span class='ocrx_word' id='word_1_173' title='bbox 294 1621 327 1651; x_wconf 84' lang='lat' dir='ltr'>aut</span> <span class='ocrx_word' id='word_1_174' title='bbox 347 1621 449 1651; x_wconf 83' lang='lat' dir='ltr'>narrantes</span> <span class='ocrx_word' id='word_1_175' title='bbox 467 1607 565 1658; x_wconf 79' lang='lat' dir='ltr'>fistiintur..</span> 
     </span>
    </p>
   </div>
   <div class='ocr_carea' id='block_1_8' title="bbox 124 1662 562 1718">
    <p class='ocr_par' dir='ltr' id='par_1_8' title="bbox 124 1662 562 1718">
     <span class='ocr_line' id='line_1_26' title="bbox 124 1662 562 1718; baseline -0.005 -11"><span class='ocrx_word' id='word_1_176' title='bbox 124 1666 149 1707; x_wconf 85' lang='lat' dir='ltr'>ln</span> <span class='ocrx_word' id='word_1_177' title='bbox 160 1662 244 1711; x_wconf 84' lang='lat' dir='ltr'>Theocr.</span> <span class='ocrx_word' id='word_1_178' title='bbox 255 1666 270 1716; x_wconf 90' lang='lat' dir='ltr'>i,</span> <span class='ocrx_word' id='word_1_179' title='bbox 282 1671 314 1718; x_wconf 64' lang='grc' dir='ltr'>ὃς.</span> <span class='ocrx_word' id='word_1_180' title='bbox 325 1663 344 1708; x_wconf 91' lang='lat' dir='ltr'>is.</span> <span class='ocrx_word' id='word_1_181' title='bbox 362 1679 404 1705; x_wconf 92' lang='lat' dir='ltr'>non</span> <span class='ocrx_word' id='word_1_182' title='bbox 414 1664 471 1715; x_wconf 78' lang='lat' dir='ltr'>facile</span> <span class='ocrx_word' id='word_1_183' title='bbox 484 1663 562 1705; x_wconf 78' lang='lat' dir='ltr'>futurus</span> 
     </span>
    </p>
   </div>
   <div class='ocr_carea' id='block_1_9' title="bbox 125 1494 1042 2280">
    <p class='ocr_par' dir='ltr' id='par_1_9' title="bbox 125 1494 1042 2280">
     <span class='ocr_line' id='line_1_27' title="bbox 602 1494 1039 1549; baseline 0.009 -12"><span class='ocrx_word' id='word_1_184' title='bbox 602 1511 635 1538; x_wconf 86' lang='lat' dir='ltr'>me</span> <span class='ocrx_word' id='word_1_185' title='bbox 651 1496 754 1549; x_wconf 81' lang='lat' dir='ltr'>illustrauit</span> <span class='ocrx_word' id='word_1_186' title='bbox 767 1494 877 1537; x_wconf 78' lang='lat' dir='ltr'>Biiimucrns</span> <span class='ocrx_word' id='word_1_187' title='bbox 891 1498 966 1548; x_wconf 82' lang='lat' dir='ltr'>noster,</span> <span class='ocrx_word' id='word_1_188' title='bbox 981 1502 1004 1540; x_wconf 89' lang='lat' dir='ltr'>V.</span> <span class='ocrx_word' id='word_1_189' title='bbox 1014 1502 1039 1542; x_wconf 86' lang='lat' dir='ltr'>D.</span> 
     </span>
     <span class='ocr_line' id='line_1_28' title="bbox 603 1551 1039 1609; baseline 0.005 -16"><span class='ocrx_word' id='word_1_190' title='bbox 603 1553 679 1593; x_wconf 86' lang='lat' dir='ltr'>Eadem</span> <span class='ocrx_word' id='word_1_191' title='bbox 688 1563 730 1592; x_wconf 86' lang='lat' dir='ltr'>arte</span> <span class='ocrx_word' id='word_1_192' title='bbox 740 1553 801 1594; x_wconf 82' lang='lat' dir='ltr'>etiam</span> <span class='ocrx_word' id='word_1_193' title='bbox 810 1553 859 1593; x_wconf 78' lang='lat' dir='ltr'>uaria</span> <span class='ocrx_word' id='word_1_194' title='bbox 865 1552 936 1594; x_wconf 85' lang='lat' dir='ltr'>iudicia</span> <span class='ocrx_word' id='word_1_195' title='bbox 942 1551 1039 1609; x_wconf 67' lang='lat' dir='ltr'>Leffingii,</span> 
     </span>
     <span class='ocr_line' id='line_1_29' title="bbox 602 1609 1039 1662; baseline 0.002 -12"><span class='ocrx_word' id='word_1_196' title='bbox 602 1609 694 1655; x_wconf 85' lang='lat' dir='ltr'>Herderi,</span> <span class='ocrx_word' id='word_1_197' title='bbox 707 1609 825 1661; x_wconf 82' lang='lat' dir='ltr'>Koeppenii,</span> <span class='ocrx_word' id='word_1_198' title='bbox 834 1609 921 1649; x_wconf 82' lang='lat' dir='ltr'>iacobiri</span> <span class='ocrx_word' id='word_1_199' title='bbox 934 1609 990 1662; x_wconf 83' lang='lat' dir='ltr'>(Bibl.</span> <span class='ocrx_word' id='word_1_200' title='bbox 1002 1612 1039 1652; x_wconf 88' lang='lat' dir='ltr'>der</span> 
     </span>
     <span class='ocr_line' id='line_1_30' title="bbox 601 1663 1039 1719; baseline 0.007 -15"><span class='ocrx_word' id='word_1_201' title='bbox 601 1665 656 1704; x_wconf 82' lang='lat' dir='ltr'>alten</span> <span class='ocrx_word' id='word_1_202' title='bbox 670 1664 714 1703; x_wconf 86' lang='lat' dir='ltr'>Litt.</span> <span class='ocrx_word' id='word_1_203' title='bbox 730 1664 770 1703; x_wconf 91' lang='lat' dir='ltr'>und</span> <span class='ocrx_word' id='word_1_204' title='bbox 784 1663 847 1703; x_wconf 85' lang='lat' dir='ltr'>Kunii</span> <span class='ocrx_word' id='word_1_205' title='bbox 861 1667 880 1704; x_wconf 90' lang='lat' dir='ltr'>P.</span> <span class='ocrx_word' id='word_1_206' title='bbox 892 1665 915 1705; x_wconf 91' lang='lat' dir='ltr'>V.</span> <span class='ocrx_word' id='word_1_207' title='bbox 930 1680 947 1717; x_wconf 92' lang='lat' dir='ltr'>p.</span> <span class='ocrx_word' id='word_1_208' title='bbox 961 1678 991 1716; x_wconf 78' lang='lat'>10.</span> <span class='ocrx_word' id='word_1_209' title='bbox 1007 1665 1039 1719; x_wconf 83' lang='lat' dir='ltr'>ii)</span> 
     </span>
     <span class='ocr_line' id='line_1_31' title="bbox 601 1717 1039 1776; baseline 0.009 -17"><span class='ocrx_word' id='word_1_210' title='bbox 601 1719 628 1766; x_wconf 84' lang='lat' dir='ltr'>de</span> <span class='ocrx_word' id='word_1_211' title='bbox 643 1717 732 1759; x_wconf 80' lang='lat' dir='ltr'>Therfitn</span> <span class='ocrx_word' id='word_1_212' title='bbox 750 1720 858 1760; x_wconf 87' lang='lat' dir='ltr'>Hotnerito</span> <span class='ocrx_word' id='word_1_213' title='bbox 869 1722 961 1774; x_wconf 88' lang='lat' dir='ltr'>componi</span> <span class='ocrx_word' id='word_1_214' title='bbox 984 1721 1039 1776; x_wconf 84' lang='lat' dir='ltr'>posse</span> 
     </span>
     <span class='ocr_line' id='line_1_32' title="bbox 601 1773 1039 1830; baseline 0.009 -16"><span class='ocrx_word' id='word_1_215' title='bbox 601 1784 659 1828; x_wconf 79' lang='lat' dir='ltr'>put03</span> <span class='ocrx_word' id='word_1_216' title='bbox 677 1774 726 1827; x_wconf 83' lang='lat' dir='ltr'>2)in</span> <span class='ocrx_word' id='word_1_217' title='bbox 736 1773 818 1820; x_wconf 82' lang='lat' dir='ltr'>fabellis,</span> <span class='ocrx_word' id='word_1_218' title='bbox 828 1777 978 1830; x_wconf 76' lang='lat' dir='ltr'>epigrammatis,</span> <span class='ocrx_word' id='word_1_219' title='bbox 990 1778 1039 1827; x_wconf 80' lang='lat' dir='ltr'>odis,</span> 
     </span>
     <span class='ocr_line' id='line_1_33' title="bbox 602 1828 1039 1884; baseline 0.014 -14"><span class='ocrx_word' id='word_1_220' title='bbox 602 1844 685 1884; x_wconf 85' lang='lat' dir='ltr'>quarum</span> <span class='ocrx_word' id='word_1_221' title='bbox 699 1843 757 1870; x_wconf 84' lang='lat' dir='ltr'>verus</span> <span class='ocrx_word' id='word_1_222' title='bbox 770 1828 835 1871; x_wconf 81' lang='lat' dir='ltr'>senius</span> <span class='ocrx_word' id='word_1_223' title='bbox 848 1842 867 1871; x_wconf 90' lang='lat' dir='ltr'>et</span> <span class='ocrx_word' id='word_1_224' title='bbox 880 1833 908 1872; x_wconf 87' lang='lat' dir='ltr'>vis</span> <span class='ocrx_word' id='word_1_225' title='bbox 922 1837 984 1875; x_wconf 88' lang='lat' dir='ltr'>omnis</span> <span class='ocrx_word' id='word_1_226' title='bbox 997 1845 1039 1876; x_wconf 86' lang='lat' dir='ltr'>tum</span> 
     </span>
     <span class='ocr_line' id='line_1_34' title="bbox 601 1886 1039 1943; baseline 0.009 -16"><span class='ocrx_word' id='word_1_227' title='bbox 601 1888 681 1942; x_wconf 82' lang='lat' dir='ltr'>demum</span> <span class='ocrx_word' id='word_1_228' title='bbox 691 1887 804 1940; x_wconf 82' lang='lat' dir='ltr'>percipitur,</span> <span class='ocrx_word' id='word_1_229' title='bbox 816 1886 848 1927; x_wconf 88' lang='lat' dir='ltr'>rbi</span> <span class='ocrx_word' id='word_1_230' title='bbox 863 1900 902 1940; x_wconf 91' lang='lat' dir='ltr'>quo</span> <span class='ocrx_word' id='word_1_231' title='bbox 912 1888 988 1941; x_wconf 74' lang='lat' dir='ltr'>aii&#39;eiiu,</span> <span class='ocrx_word' id='word_1_232' title='bbox 1000 1904 1039 1943; x_wconf 85' lang='lat' dir='ltr'>qua</span> 
     </span>
     <span class='ocr_line' id='line_1_35' title="bbox 126 1943 1038 1997; baseline 0.004 -15"><span class='ocrx_word' id='word_1_233' title='bbox 126 1943 155 1983; x_wconf 79' lang='lat' dir='ltr'>ris</span> <span class='ocrx_word' id='word_1_234' title='bbox 174 1945 278 1996; x_wconf 84' lang='lat' dir='ltr'>perceptio</span> <span class='ocrx_word' id='word_1_235' title='bbox 296 1957 337 1984; x_wconf 92' lang='lat' dir='ltr'>non</span> <span class='ocrx_word' id='word_1_236' title='bbox 353 1944 410 1984; x_wconf 86' lang='lat' dir='ltr'>rnice</span> <span class='ocrx_word' id='word_1_237' title='bbox 430 1943 454 1989; x_wconf 86' lang='lat' dir='ltr'>ab</span> <span class='ocrx_word' id='word_1_238' title='bbox 472 1943 563 1984; x_wconf 84' lang='lat' dir='ltr'>historiae</span> <span class='ocrx_word' id='word_1_239' title='bbox 600 1953 680 1994; x_wconf 89' lang='lat' dir='ltr'>mente,</span> <span class='ocrx_word' id='word_1_240' title='bbox 694 1946 751 1994; x_wconf 79' lang='lat' dir='ltr'>poe&#39;ta</span> <span class='ocrx_word' id='word_1_241' title='bbox 763 1943 863 1988; x_wconf 85' lang='lat' dir='ltr'>cecinerit,</span> <span class='ocrx_word' id='word_1_242' title='bbox 875 1947 1038 1997; x_wconf 71' lang='lat' dir='ltr'>reperet-iamim</span> 
     </span>
     <span class='ocr_line' id='line_1_36' title="bbox 125 1997 1042 2055; baseline 0.004 -16"><span class='ocrx_word' id='word_1_243' title='bbox 125 1997 206 2043; x_wconf 83' lang='lat' dir='ltr'>iliorum</span> <span class='ocrx_word' id='word_1_244' title='bbox 222 2009 334 2053; x_wconf 88' lang='lat' dir='ltr'>temporum</span> <span class='ocrx_word' id='word_1_245' title='bbox 349 2000 473 2055; x_wconf 78' lang='lat' dir='ltr'>cognitione,</span> <span class='ocrx_word' id='word_1_246' title='bbox 492 1998 525 2039; x_wconf 82' lang='lat' dir='ltr'>ieci</span> <span class='ocrx_word' id='word_1_247' title='bbox 539 1998 562 2039; x_wconf 83' lang='lat' dir='ltr'>ab</span> <span class='ocrx_word' id='word_1_248' title='bbox 600 1997 750 2046; x_wconf 74' lang='lat' dir='ltr'>relRumlernm,</span> <span class='ocrx_word' id='word_1_249' title='bbox 766 2002 1042 2054; x_wconf 81' lang='lat' dir='ltr'>atquantuminterpretemi</span> 
     </span>
     <span class='ocr_line' id='line_1_37' title="bbox 126 2052 1039 2110; baseline 0.004 -15"><span class='ocrx_word' id='word_1_250' title='bbox 126 2053 263 2096; x_wconf 80' lang='lat' dir='ltr'>obseruatione</span> <span class='ocrx_word' id='word_1_251' title='bbox 272 2056 350 2096; x_wconf 87' lang='lat' dir='ltr'>rationis</span> <span class='ocrx_word' id='word_1_252' title='bbox 359 2056 458 2103; x_wconf 70' lang='lat' dir='ltr'>diciorum,</span> <span class='ocrx_word' id='word_1_253' title='bbox 467 2052 562 2106; x_wconf 82' lang='lat' dir='ltr'>motuum,</span> <span class='ocrx_word' id='word_1_254' title='bbox 600 2053 729 2095; x_wconf 85' lang='lat' dir='ltr'>animaduerti</span> <span class='ocrx_word' id='word_1_255' title='bbox 739 2068 750 2093; x_wconf 88' lang='lat' dir='ltr'>a</span> <span class='ocrx_word' id='word_1_256' title='bbox 760 2054 1039 2110; x_wconf 82' lang='lat' dir='ltr'>verasententiaquorundam</span> 
     </span>
     <span class='ocr_line' id='line_1_38' title="bbox 127 2106 1039 2167; baseline 0.007 -19"><span class='ocrx_word' id='word_1_257' title='bbox 127 2111 175 2162; x_wconf 92' lang='lat' dir='ltr'>quin</span> <span class='ocrx_word' id='word_1_258' title='bbox 182 2110 353 2163; x_wconf 62' lang='lat' dir='ltr'>&#39;etperion&#39;nrum³</span> <span class='ocrx_word' id='word_1_259' title='bbox 367 2112 451 2165; x_wconf 86' lang='lat' dir='ltr'>pendet,</span> <span class='ocrx_word' id='word_1_260' title='bbox 459 2106 518 2165; x_wconf 20' lang='lat' dir='ltr'>&gt;euius</span> <span class='ocrx_word' id='word_1_261' title='bbox 528 2124 563 2167; x_wconf 79' lang='lat' dir='ltr'>ge·</span> <span class='ocrx_word' id='word_1_262' title='bbox 600 2110 768 2165; x_wconf 73' lang='lat' dir='ltr'>Epigrammatum</span> <span class='ocrx_word' id='word_1_263' title='bbox 777 2111 870 2164; x_wconf 72' lang='lat' dir='ltr'>Martialis</span> <span class='ocrx_word' id='word_1_264' title='bbox 881 2121 902 2166; x_wconf 83' lang='lat' dir='ltr'>et</span> <span class='ocrx_word' id='word_1_265' title='bbox 911 2113 1039 2162; x_wconf 84' lang='lat' dir='ltr'>odarumHo-</span> 
     </span>
     <span class='ocr_line' id='line_1_39' title="bbox 126 2165 1039 2221; baseline 0.004 -15"><span class='ocrx_word' id='word_1_266' title='bbox 126 2165 178 2206; x_wconf 87' lang='lat' dir='ltr'>neris</span> <span class='ocrx_word' id='word_1_267' title='bbox 196 2166 291 2213; x_wconf 83' lang='lat' dir='ltr'>nonnulla</span> <span class='ocrx_word' id='word_1_268' title='bbox 309 2168 414 2208; x_wconf 81' lang='lat' dir='ltr'>declarauit</span> <span class='ocrx_word' id='word_1_269' title='bbox 426 2168 521 2210; x_wconf 78' lang='lat' dir='ltr'>Brunlcins</span> <span class='ocrx_word' id='word_1_270' title='bbox 537 2167 560 2207; x_wconf 91' lang='lat' dir='ltr'>V.</span> <span class='ocrx_word' id='word_1_271' title='bbox 601 2168 649 2213; x_wconf 84' lang='lat' dir='ltr'>tatii,</span> <span class='ocrx_word' id='word_1_272' title='bbox 663 2167 1039 2221; x_wconf 71' lang='lat' dir='ltr'>quaecatmina&#39;nupervernaculoier-</span> 
     </span>
     <span class='ocr_line' id='line_1_40' title="bbox 126 2219 1039 2280; baseline 0.001 -20"><span class='ocrx_word' id='word_1_273' title='bbox 126 2222 161 2270; x_wconf 84' lang='lat' dir='ltr'>C.‚</span> <span class='ocrx_word' id='word_1_274' title='bbox 177 2220 272 2274; x_wconf 81' lang='lat' dir='ltr'>quaedum</span> <span class='ocrx_word' id='word_1_275' title='bbox 281 2219 321 2274; x_wconf 88' lang='lat' dir='ltr'>ipie</span> <span class='ocrx_word' id='word_1_276' title='bbox 334 2223 354 2262; x_wconf 90' lang='lat' dir='ltr'>in</span> <span class='ocrx_word' id='word_1_277' title='bbox 368 2222 444 2274; x_wconf 80' lang='lat' dir='ltr'>Auibus</span> <span class='ocrx_word' id='word_1_278' title='bbox 456 2225 561 2275; x_wconf 81' lang='lat' dir='ltr'>explanare</span> <span class='ocrx_word' id='word_1_279' title='bbox 600 2228 661 2262; x_wconf 87' lang='lat' dir='ltr'>mone</span> <span class='ocrx_word' id='word_1_280' title='bbox 670 2223 762 2269; x_wconf 73' lang='lat' dir='ltr'>tranauit,</span> <span class='ocrx_word' id='word_1_281' title='bbox 778 2220 884 2273; x_wconf 81' lang='lat' dir='ltr'>uberraii&#39;e,</span> <span class='ocrx_word' id='word_1_282' title='bbox 901 2223 954 2276; x_wconf 80' lang='lat' dir='ltr'>quod</span> <span class='ocrx_word' id='word_1_283' title='bbox 967 2223 1039 2280; x_wconf 78' lang='lat' dir='ltr'>perpe.</span> 
     </span>
    </p>
   </div>
   <div class='ocr_carea' id='block_1_10' title="bbox 124 1774 592 1941">
    <p class='ocr_par' dir='ltr' id='par_1_10' title="bbox 124 1774 592 1941">
     <span class='ocr_line' id='line_1_41' title="bbox 124 1774 592 1830; baseline 0.004 -16"><span class='ocrx_word' id='word_1_284' title='bbox 124 1775 202 1830; x_wconf 75' lang='lat' dir='ltr'>Priapo,</span> <span class='ocrx_word' id='word_1_285' title='bbox 211 1774 311 1822; x_wconf 81' lang='lat' dir='ltr'>tribueret,</span> <span class='ocrx_word' id='word_1_286' title='bbox 322 1775 451 1822; x_wconf 82' lang='lat' dir='ltr'>stadomnem</span> <span class='ocrx_word' id='word_1_287' title='bbox 460 1775 517 1825; x_wconf 78' lang='lat' dir='ltr'>liuius</span> <span class='ocrx_word' id='word_1_288' title='bbox 526 1774 564 1816; x_wconf 81' lang='lat' dir='ltr'>ie&#39;r·</span> <span class='ocrx_word' id='word_1_289' title='bbox 588 1783 592 1787; x_wconf 84' lang='grc'><strong>’</strong></span> 
     </span>
     <span class='ocr_line' id='line_1_42' title="bbox 124 1831 564 1886; baseline 0.002 -16"><span class='ocrx_word' id='word_1_290' title='bbox 124 1831 189 1886; x_wconf 79' lang='lat' dir='ltr'>monis</span> <span class='ocrx_word' id='word_1_291' title='bbox 198 1835 286 1871; x_wconf 82' lang='lat' dir='ltr'>naturam</span> <span class='ocrx_word' id='word_1_292' title='bbox 301 1832 409 1886; x_wconf 81' lang='lat' dir='ltr'>diligenter</span> <span class='ocrx_word' id='word_1_293' title='bbox 419 1843 564 1873; x_wconf 72' lang='lat' dir='ltr'>omuesutten-</span> 
     </span>
     <span class='ocr_line' id='line_1_43' title="bbox 125 1884 562 1941; baseline 0 -14"><span class='ocrx_word' id='word_1_294' title='bbox 125 1884 203 1929; x_wconf 79' lang='lat' dir='ltr'>diffent.</span> <span class='ocrx_word' id='word_1_295' title='bbox 222 1889 244 1927; x_wconf 93' lang='lat' dir='ltr'>ln</span> <span class='ocrx_word' id='word_1_296' title='bbox 253 1888 386 1941; x_wconf 80' lang='lat' dir='ltr'>Aristophanis</span> <span class='ocrx_word' id='word_1_297' title='bbox 396 1886 466 1928; x_wconf 80' lang='lat' dir='ltr'>fabulis</span> <span class='ocrx_word' id='word_1_298' title='bbox 476 1889 562 1932; x_wconf 84' lang='lat' dir='ltr'>comicae</span> 
     </span>
    </p>
   </div>
   <div class='ocr_carea' id='block_1_11' title="bbox 602 1440 1130 1497">
    <p class='ocr_par' dir='ltr' id='par_1_11' title="bbox 602 1440 1130 1497">
     <span class='ocr_line' id='line_1_44' title="bbox 602 1440 1130 1497; baseline 0.002 -14"><span class='ocrx_word' id='word_1_299' title='bbox 602 1441 683 1492; x_wconf 85' lang='lat' dir='ltr'>Medea,</span> <span class='ocrx_word' id='word_1_300' title='bbox 699 1454 745 1493; x_wconf 80' lang='lat' dir='ltr'>quas</span> <span class='ocrx_word' id='word_1_301' title='bbox 755 1440 831 1481; x_wconf 85' lang='lat' dir='ltr'>duobus</span> <span class='ocrx_word' id='word_1_302' title='bbox 841 1441 912 1482; x_wconf 80' lang='lat' dir='ltr'>libeliis</span> <span class='ocrx_word' id='word_1_303' title='bbox 921 1456 984 1495; x_wconf 88' lang='lat' dir='ltr'>nuper</span> <span class='ocrx_word' id='word_1_304' title='bbox 991 1443 1040 1497; x_wconf 81' lang='lat' dir='ltr'>opti-</span> <span class='ocrx_word' id='word_1_305' title='bbox 1117 1448 1130 1462; x_wconf 61' lang='lat'><strong><em>³</em></strong></span> 
     </span>
    </p>
   </div>
   <div class='ocr_carea' id='block_1_12' title="bbox 126 2273 566 2788">
    <p class='ocr_par' dir='ltr' id='par_1_12' title="bbox 126 2273 566 2788">
     <span class='ocr_line' id='line_1_45' title="bbox 126 2273 562 2331; baseline 0.002 -13"><span class='ocrx_word' id='word_1_306' title='bbox 126 2276 154 2318; x_wconf 83' lang='lat' dir='ltr'>ita</span> <span class='ocrx_word' id='word_1_307' title='bbox 167 2276 232 2318; x_wconf 86' lang='lat' dir='ltr'>studui</span> <span class='ocrx_word' id='word_1_308' title='bbox 236 2293 242 2326; x_wconf 77' lang='lat'>3</span> <span class='ocrx_word' id='word_1_309' title='bbox 257 2277 310 2318; x_wconf 88' lang='lat' dir='ltr'>idem</span> <span class='ocrx_word' id='word_1_310' title='bbox 320 2273 386 2319; x_wconf 86' lang='lat' dir='ltr'>effecit</span> <span class='ocrx_word' id='word_1_311' title='bbox 397 2293 461 2331; x_wconf 88' lang='lat' dir='ltr'>nuper</span> <span class='ocrx_word' id='word_1_312' title='bbox 471 2278 562 2319; x_wconf 75' lang='lat' dir='ltr'>iratribus</span> 
     </span>
     <span class='ocr_line' id='line_1_46' title="bbox 126 2333 562 2390; baseline 0.007 -17"><span class='ocrx_word' id='word_1_313' title='bbox 126 2333 223 2386; x_wconf 86' lang='lat' dir='ltr'>prioribus</span> <span class='ocrx_word' id='word_1_314' title='bbox 233 2335 325 2375; x_wconf 87' lang='lat' dir='ltr'>Terentii</span> <span class='ocrx_word' id='word_1_315' title='bbox 336 2334 456 2386; x_wconf 84' lang='lat' dir='ltr'>Comoediis,</span> <span class='ocrx_word' id='word_1_316' title='bbox 467 2349 513 2390; x_wconf 84' lang='lat' dir='ltr'>quas</span> <span class='ocrx_word' id='word_1_317' title='bbox 520 2348 562 2390; x_wconf 76' lang='lat' dir='ltr'>geo</span> 
     </span>
     <span class='ocr_line' id='line_1_47' title="bbox 126 2390 562 2443; baseline 0.005 -13"><span class='ocrx_word' id='word_1_318' title='bbox 126 2390 204 2431; x_wconf 79' lang='lat' dir='ltr'>munite</span> <span class='ocrx_word' id='word_1_319' title='bbox 214 2392 272 2432; x_wconf 85' lang='lat' dir='ltr'>vertit</span> <span class='ocrx_word' id='word_1_320' title='bbox 286 2401 307 2432; x_wconf 89' lang='lat' dir='ltr'>et</span> <span class='ocrx_word' id='word_1_321' title='bbox 318 2391 421 2432; x_wconf 87' lang='lat' dir='ltr'>illustrauit</span> <span class='ocrx_word' id='word_1_322' title='bbox 429 2390 487 2443; x_wconf 81' lang='lat' dir='ltr'>notis,</span> <span class='ocrx_word' id='word_1_323' title='bbox 500 2394 531 2434; x_wconf 90' lang='lat' dir='ltr'>Ci.</span> <span class='ocrx_word' id='word_1_324' title='bbox 540 2391 562 2432; x_wconf 75' lang='lat' dir='ltr'>ii.</span> 
     </span>
     <span class='ocr_line' id='line_1_48' title="bbox 127 2442 565 2502; baseline 0.007 -18"><span class='ocrx_word' id='word_1_325' title='bbox 127 2444 148 2491; x_wconf 73' lang='lat' dir='ltr'>F,</span> <span class='ocrx_word' id='word_1_326' title='bbox 159 2442 295 2497; x_wconf 75' lang='lat' dir='ltr'>Sciranictitrut,</span> <span class='ocrx_word' id='word_1_327' title='bbox 309 2447 332 2489; x_wconf 86' lang='lat' dir='ltr'>cf.</span> <span class='ocrx_word' id='word_1_328' title='bbox 343 2449 385 2502; x_wconf 76' lang='lat' dir='ltr'>eins</span> <span class='ocrx_word' id='word_1_329' title='bbox 395 2447 456 2501; x_wconf 81' lang='lat' dir='ltr'>praef.</span> <span class='ocrx_word' id='word_1_330' title='bbox 467 2448 492 2487; x_wconf 83' lang='lat' dir='ltr'>ad</span> <span class='ocrx_word' id='word_1_331' title='bbox 501 2445 565 2490; x_wconf 51' lang='lat' dir='ltr'>Andr.¹</span> 
     </span>
     <span class='ocr_line' id='line_1_49' title="bbox 127 2499 566 2559; baseline 0.016 -19"><span class='ocrx_word' id='word_1_332' title='bbox 127 2517 146 2555; x_wconf 85' lang='lat' dir='ltr'>p.</span> <span class='ocrx_word' id='word_1_333' title='bbox 163 2513 194 2555; x_wconf 90' lang='lat'>17.</span> <span class='ocrx_word' id='word_1_334' title='bbox 213 2499 225 2541; x_wconf 90' lang='lat' dir='ltr'>s.</span> <span class='ocrx_word' id='word_1_335' title='bbox 246 2513 267 2542; x_wconf 91' lang='lat' dir='ltr'>et</span> <span class='ocrx_word' id='word_1_336' title='bbox 280 2513 322 2557; x_wconf 82' lang='lat' dir='ltr'>not.</span> <span class='ocrx_word' id='word_1_337' title='bbox 337 2503 361 2544; x_wconf 81' lang='lat' dir='ltr'>ad</span> <span class='ocrx_word' id='word_1_338' title='bbox 376 2508 448 2559; x_wconf 79' lang='lat' dir='ltr'>Heaut.</span> <span class='ocrx_word' id='word_1_339' title='bbox 463 2515 515 2553; x_wconf 63' lang='lat'>211,</span> <span class='ocrx_word' id='word_1_340' title='bbox 532 2501 566 2547; x_wconf 81' lang='lat'>16.&#39;</span> 
     </span>
     <span class='ocr_line' id='line_1_50' title="bbox 127 2558 564 2615; baseline 0 -16"><span class='ocrx_word' id='word_1_341' title='bbox 127 2560 158 2604; x_wconf 72' lang='lat' dir='ltr'>na</span> <span class='ocrx_word' id='word_1_342' title='bbox 175 2558 242 2600; x_wconf 86' lang='lat' dir='ltr'>Plauto</span> <span class='ocrx_word' id='word_1_343' title='bbox 257 2559 353 2611; x_wconf 75' lang='lat' dir='ltr'>quaedam</span> <span class='ocrx_word' id='word_1_344' title='bbox 374 2562 415 2601; x_wconf 84' lang='lat' dir='ltr'>eius</span> <span class='ocrx_word' id='word_1_345' title='bbox 432 2562 512 2615; x_wconf 81' lang='lat' dir='ltr'>generis</span> <span class='ocrx_word' id='word_1_346' title='bbox 529 2574 564 2609; x_wconf 87' lang='lat' dir='ltr'>no·</span> 
     </span>
     <span class='ocr_line' id='line_1_51' title="bbox 127 2611 565 2669; baseline 0.009 -16"><span class='ocrx_word' id='word_1_347' title='bbox 127 2615 178 2658; x_wconf 81' lang='lat' dir='ltr'>tauit</span> <span class='ocrx_word' id='word_1_348' title='bbox 202 2611 311 2669; x_wconf 71' lang='lat' dir='ltr'>Lefflugius&#39;</span> <span class='ocrx_word' id='word_1_349' title='bbox 327 2616 409 2656; x_wconf 77' lang='lat' dir='ltr'>Canen.</span> <span class='ocrx_word' id='word_1_350' title='bbox 420 2617 466 2657; x_wconf 71' lang='lat' dir='ltr'>&#39;zur</span> <span class='ocrx_word' id='word_1_351' title='bbox 484 2617 565 2658; x_wconf 80' lang='lat' dir='ltr'>Littera-</span> 
     </span>
     <span class='ocr_line' id='line_1_52' title="bbox 128 2671 566 2727; baseline 0.007 -17"><span class='ocrx_word' id='word_1_352' title='bbox 128 2679 160 2710; x_wconf 86' lang='lat' dir='ltr'>tur</span> <span class='ocrx_word' id='word_1_353' title='bbox 173 2673 197 2710; x_wconf 87' lang='lat' dir='ltr'>T.</span> <span class='ocrx_word' id='word_1_354' title='bbox 213 2671 236 2714; x_wconf 69' lang='grc' dir='ltr'>ΙΙ,</span> <span class='ocrx_word' id='word_1_355' title='bbox 253 2686 272 2725; x_wconf 87' lang='lat' dir='ltr'>p.</span> <span class='ocrx_word' id='word_1_356' title='bbox 281 2672 327 2719; x_wconf 84' lang='lat'>286.</span> <span class='ocrx_word' id='word_1_357' title='bbox 356 2673 420 2713; x_wconf 87' lang='lat' dir='ltr'>Multa</span> <span class='ocrx_word' id='word_1_358' title='bbox 432 2673 496 2723; x_wconf 78' lang='lat' dir='ltr'>etiam,</span> <span class='ocrx_word' id='word_1_359' title='bbox 515 2686 566 2727; x_wconf 85' lang='lat' dir='ltr'>quae</span> 
     </span>
     <span class='ocr_line' id='line_1_53' title="bbox 129 2725 565 2788; baseline 0.011 -20"><span class='ocrx_word' id='word_1_360' title='bbox 129 2725 248 2782; x_wconf 69' lang='lat' dir='ltr'>prinicipibus</span> <span class='ocrx_word' id='word_1_361' title='bbox 260 2728 393 2784; x_wconf 51' lang='lat' dir='ltr'>‚Tragitorum</span> <span class='ocrx_word' id='word_1_362' title='bbox 410 2742 440 2784; x_wconf 81' lang='lat' dir='ltr'>gt.</span> <span class='ocrx_word' id='word_1_363' title='bbox 458 2727 505 2788; x_wconf 69' lang='lat' dir='ltr'>iuni</span> <span class='ocrx_word' id='word_1_364' title='bbox 519 2730 565 2773; x_wconf 83' lang='lat' dir='ltr'>vitio</span> 
     </span>
    </p>
   </div>
   <div class='ocr_carea' id='block_1_13' title="bbox 601 2277 1046 2784">
    <p class='ocr_par' dir='ltr' id='par_1_13' title="bbox 601 2277 1046 2784">
     <span class='ocr_line' id='line_1_54' title="bbox 601 2277 1039 2331; baseline 0.009 -13"><span class='ocrx_word' id='word_1_365' title='bbox 601 2277 679 2330; x_wconf 78' lang='lat' dir='ltr'>tamde</span> <span class='ocrx_word' id='word_1_366' title='bbox 695 2277 760 2317; x_wconf 87' lang='lat' dir='ltr'>animo</span> <span class='ocrx_word' id='word_1_367' title='bbox 775 2286 796 2317; x_wconf 88' lang='lat' dir='ltr'>et</span> <span class='ocrx_word' id='word_1_368' title='bbox 810 2277 888 2317; x_wconf 85' lang='lat' dir='ltr'>couiilio</span> <span class='ocrx_word' id='word_1_369' title='bbox 902 2284 972 2331; x_wconf 71' lang='lat' dir='ltr'>poetae</span> <span class='ocrx_word' id='word_1_370' title='bbox 989 2281 1039 2322; x_wconf 83' lang='lat' dir='ltr'>iudi-</span> 
     </span>
     <span class='ocr_line' id='line_1_55' title="bbox 601 2332 1041 2388; baseline 0.011 -14"><span class='ocrx_word' id='word_1_371' title='bbox 601 2332 679 2386; x_wconf 79' lang='lat' dir='ltr'>caii&#39;et);</span> <span class='ocrx_word' id='word_1_372' title='bbox 703 2333 725 2387; x_wconf 84' lang='lat'>3)</span> <span class='ocrx_word' id='word_1_373' title='bbox 746 2333 916 2386; x_wconf 80' lang='lat' dir='ltr'>morationibus,</span> <span class='ocrx_word' id='word_1_374' title='bbox 936 2336 990 2378; x_wconf 88' lang='lat' dir='ltr'>cuius</span> <span class='ocrx_word' id='word_1_375' title='bbox 1011 2340 1041 2388; x_wconf 80' lang='lat' dir='ltr'>rei</span> 
     </span>
     <span class='ocr_line' id='line_1_56' title="bbox 601 2391 1040 2442; baseline -0.005 -11"><span class='ocrx_word' id='word_1_376' title='bbox 601 2392 699 2431; x_wconf 87' lang='lat' dir='ltr'>luculenta</span> <span class='ocrx_word' id='word_1_377' title='bbox 719 2392 810 2442; x_wconf 82' lang='lat' dir='ltr'>exempla</span> <span class='ocrx_word' id='word_1_378' title='bbox 825 2403 836 2429; x_wconf 91' lang='lat' dir='ltr'>e</span> <span class='ocrx_word' id='word_1_379' title='bbox 851 2391 958 2432; x_wconf 51' lang='lat' dir='ltr'>Ciceronis¹</span> <span class='ocrx_word' id='word_1_380' title='bbox 970 2395 1040 2437; x_wconf 71' lang='lat' dir='ltr'>Catili.</span> 
     </span>
     <span class='ocr_line' id='line_1_57' title="bbox 601 2446 1040 2503; baseline 0.009 -16"><span class='ocrx_word' id='word_1_381' title='bbox 601 2447 669 2495; x_wconf 85' lang='lat' dir='ltr'>uariis,</span> <span class='ocrx_word' id='word_1_382' title='bbox 685 2446 793 2500; x_wconf 81' lang='lat' dir='ltr'>Philippicis</span> <span class='ocrx_word' id='word_1_383' title='bbox 804 2446 884 2500; x_wconf 87' lang='lat' dir='ltr'>aliisque</span> <span class='ocrx_word' id='word_1_384' title='bbox 898 2449 939 2500; x_wconf 90' lang='lat' dir='ltr'>peti</span> <span class='ocrx_word' id='word_1_385' title='bbox 952 2448 1040 2503; x_wconf 83' lang='lat' dir='ltr'>poii&#39;unt;</span> 
     </span>
     <span class='ocr_line' id='line_1_58' title="bbox 602 2500 1042 2560; baseline 0.016 -20"><span class='ocrx_word' id='word_1_386' title='bbox 602 2505 624 2558; x_wconf 59' lang='lat' dir='ltr'>ri)</span> <span class='ocrx_word' id='word_1_387' title='bbox 639 2504 660 2554; x_wconf 81' lang='lat' dir='ltr'>in</span> <span class='ocrx_word' id='word_1_388' title='bbox 675 2500 756 2556; x_wconf 80' lang='lat' dir='ltr'>dialogis</span> <span class='ocrx_word' id='word_1_389' title='bbox 775 2512 795 2541; x_wconf 90' lang='lat' dir='ltr'>et</span> <span class='ocrx_word' id='word_1_390' title='bbox 810 2503 896 2553; x_wconf 82' lang='lat' dir='ltr'>Platonis</span> <span class='ocrx_word' id='word_1_391' title='bbox 908 2516 932 2544; x_wconf 82' lang='lat' dir='ltr'>et</span> <span class='ocrx_word' id='word_1_392' title='bbox 949 2507 1042 2560; x_wconf 73' lang='lat' dir='ltr'>Luciam,</span> 
     </span>
     <span class='ocr_line' id='line_1_59' title="bbox 602 2557 1042 2615; baseline 0.014 -17"><span class='ocrx_word' id='word_1_393' title='bbox 602 2557 749 2615; x_wconf 7' lang='lat' dir='ltr'>epistolisbitevm</span> <span class='ocrx_word' id='word_1_394' title='bbox 765 2558 806 2599; x_wconf 88' lang='lat' dir='ltr'>Cic.</span> <span class='ocrx_word' id='word_1_395' title='bbox 835 2559 873 2600; x_wconf 89' lang='lat' dir='ltr'>Sed</span> <span class='ocrx_word' id='word_1_396' title='bbox 891 2570 911 2600; x_wconf 88' lang='lat' dir='ltr'>et</span> <span class='ocrx_word' id='word_1_397' title='bbox 926 2560 950 2601; x_wconf 91' lang='lat' dir='ltr'>ad</span> <span class='ocrx_word' id='word_1_398' title='bbox 963 2561 1042 2614; x_wconf 57' lang='lat' dir='ltr'>ltistoris&#39;</span> 
     </span>
     <span class='ocr_line' id='line_1_60' title="bbox 603 2610 1041 2672; baseline 0.011 -18"><span class='ocrx_word' id='word_1_399' title='bbox 603 2610 635 2654; x_wconf 77' lang='lat' dir='ltr'>cos</span> <span class='ocrx_word' id='word_1_400' title='bbox 649 2615 702 2654; x_wconf 87' lang='lat' dir='ltr'>iocos</span> <span class='ocrx_word' id='word_1_401' title='bbox 713 2612 750 2653; x_wconf 82' lang='lat' dir='ltr'>ltoc</span> <span class='ocrx_word' id='word_1_402' title='bbox 758 2614 877 2667; x_wconf 87' lang='lat' dir='ltr'>pertinebit,</span> <span class='ocrx_word' id='word_1_403' title='bbox 894 2614 925 2657; x_wconf 89' lang='lat' dir='ltr'>rbi</span> <span class='ocrx_word' id='word_1_404' title='bbox 939 2631 970 2667; x_wconf 84' lang='lat' dir='ltr'>res</span> <span class='ocrx_word' id='word_1_405' title='bbox 983 2612 1041 2672; x_wconf 58' lang='lat' dir='ltr'>ntraess</span> 
     </span>
     <span class='ocr_line' id='line_1_61' title="bbox 603 2668 1046 2731; baseline 0.016 -20"><span class='ocrx_word' id='word_1_406' title='bbox 603 2671 648 2726; x_wconf 80' lang='lat' dir='ltr'>datu</span> <span class='ocrx_word' id='word_1_407' title='bbox 669 2668 790 2711; x_wconf 83' lang='lat' dir='ltr'>exhibentur</span> <span class='ocrx_word' id='word_1_408' title='bbox 804 2727 805 2730; x_wconf 11' lang='grc' dir='ltr'><strong>Ἴ</strong></span> <span class='ocrx_word' id='word_1_409' title='bbox 817 2677 882 2727; x_wconf 75' lang='lat' dir='ltr'>potius</span> <span class='ocrx_word' id='word_1_410' title='bbox 905 2673 1046 2731; x_wconf 63' lang='lat' dir='ltr'>depingendus</span> 
     </span>
     <span class='ocr_line' id='line_1_62' title="bbox 604 2732 999 2784; baseline 0.008 -12"><span class='ocrx_word' id='word_1_411' title='bbox 604 2733 780 2784; x_wconf 79' lang='lat' dir='ltr'>quamuarrantur.</span> <span class='ocrx_word' id='word_1_412' title='bbox 998 2732 999 2735; x_wconf 74' lang='grc'>’</span> 
     </span>
    </p>
   </div>
   <div class='ocr_carea' id='block_1_14' title="bbox 0 0 1236 3246">
    <p class='ocr_par' dir='ltr' id='par_1_14' title="bbox 0 0 1236 3246">
     <span class='ocr_line' id='line_1_63' title="bbox 0 0 1236 3246; baseline 0 0"><span class='ocrx_word' id='word_1_413' title='bbox 0 0 1236 3246; x_wconf 95' lang='lat' dir='ltr'> </span> 
     </span>
    </p>
   </div>
  </div>
 </body>
</html>
