2462 3246
205 220 235 258 333
319 233 321 237 ⁴
516 208 813 265 &zm-22:
887 193 897 222 ‘³

206 332 317 405 pretendi
337 333 430 405 tatione
446 332 1120 404 agebam31‘copiufins·disputationiultae-praeceptio

206 412 303 479 grauior
314 411 354 476 esi,
373 426 483 476 atraeque
494 412 608 461 maiorem
623 410 709 465 habeat
725 409 761 459 vel
774 409 802 459 ab
815 407 915 461 vtilitate
925 412 1122 474 commendatio-

205 503 278 549 nem,
300 485 334 535 vel
352 501 363 533 a
381 483 518 536 difficultate
534 485 687 570 cautionem,
706 501 778 551 quarn
791 502 824 551 ea,
843 502 909 571 quae·
919 486 947 537 ad
966 487 1121 553 subtilitatem

206 560 282 612 sensus
295 558 587 629 intratiandisexpiicand
582 577 651 628 isque
662 564 849 630 praecipuorum
863 556 1010 687 antiquitatis
1024 564 1123 647 scripto-

205 633 331 688 rumiibris
339 649 363 685 et
375 651 519 700 monument
521 637 540 687 is
511 636 668 695 titteribus
681 635 833 695 formandam
843 637 954 704 pertinet.
975 640 1003 688 10
1011 655 1057 705 qua
1068 638 1123 704 qui·
1174 654 1176 660 ·

205 710 262 762 dem
269 709 459 762 duobuslrbeisn
456 712 585 780 deinceps
593 711 703 774 edendo,
710 710 913 780 persequendam
912 713 1023 764 versabor
1024 728 1123 783 ,33,333

205 788 320 913 3333333333
331 785 754 872 3]3]313333333333333333333333333333333333
766 788 1061 860 3]3333333333333,3333333333333310
1067 787 1123 859 ]33

215 862 270 913 33333
205 864 333 931 33]33333
334 871 414 914 33333333
405 862 502 913 rud
464 872 502 913 33
504 882 540 923 333
560 882 590 933 33
584 881 614 913 33
627 881 677 916 3333
687 862 869 914 1333333333333
848 865 908 935 ]
908 866 990 948 33333333
1001 865 1043 914 1313
1044 883 1124 934 3333

205 937 316 1010 3333333333
308 955 366 1021 rum,
363 922 505 1006 senitentiam
498 958 532 989 33333
553 943 638 1062 pentat
655 948 704 1003 0333
706 940 745 987 3333
735 940 760 988 333
775 957 820 988 3333
813 940 884 1008 issar,
904 949 942 990 333
926 942 997 990 33333
999 949 1042 1065 333,
1060 956 1124 1025 3333333

201 1032 239 1083 3333
240 1007 317 1083 3333333
326 1013 385 1076 'segur
387 1019 424 1074 333,
444 1013 565 1082 3333333333
562 1022 682 1081 33333333
684 1032 718 1063 nm
730 1012 801 1064 33333
794 1014 884 1084 mes
904 1033 948 1066 3333
941 1034 1003 1066 333333
993 1024 1057 1065 333
1063 1012 1124 1085 ft

205 1089 257 1141 sisar
268 1088 371 1158 3333313333
381 1092 495 1159 3333333333
510 1089 551 1157 isto
560 1086 626 1160 ]333]33
643 1098 700 1139 33333
712 1090 846 1156 3333333333333
855 1099 875 1141 33
884 1101 978 1159 333333333-
991 1091 1072 1142 iudicio
1085 1108 1123 1140 333-

200 1160 556 1234 3333133333,’10333101131011113
575 1163 645 1226 locis,
669 1164 709 1214 ubi
732 1163 839 1215 doctrina
858 1163 904 1216 sola
924 1165 1122 1231 eruditionisque

206 1240 277 1307 copia
288 1238 323 1289 vel
334 1237 389 1289 nihil
400 1239 458 1289 certi
469 1239 599 1307 constituit,
619 1238 654 1290 vei
665 1238 739 1305 magis
754 1238 848 1291 dubiam
862 1240 941 1291 reddit
952 1256 976 1292 et
987 1240 1122 1291 1331100303

207 1312 1122 1382 etsententiatn‚veiimpeditadeoiudiciumresiu'tii,doceamsinesqueeius

206 1390 241 1440 rei
250 1404 274 1439 33
280 1389 544 1440 rationemacmodum
554 1391 691 1451 accuratim,
706 1388 823 1457 fipoffim,
831 1392 978 1442 constituam.
1004 1390 1086 1451 Quod
1093 1406 1123 1440 ne

205 1464 315 1533 cupidius
327 1478 367 1514 aut
382 1466 406 1515 in
422 1478 575 1516 contemtum
593 1463 730 1533 dosiaet
695 1479 730 1527 303
732 1466 899 1531 etpretationis
916 1467 1043 1518 auc'iorum
1058 1480 1121 1516 vete·

205 1557 260 1593 rum
276 1538 368 1611 ditium
388 1538 509 1612 videatur,
531 1539 581 1592 sent
583 1540 671 1590 entiam
688 1539 825 1607 30330103,
845 1558 990 1610 quamquam
1006 1542 1120 1607 vniuerse,
1190 1547 1192 1550 “

206 1610 322 1669 declarare
334 1632 373 1664 me
381 1624 494 1683 oportet.
526 1614 623 1667 Etenim
636 1622 715 1681 quum
726 1614 775 1666 duo·
783 1614 808 1665 s
799 1628 826 1665 nt
836 1617 864 1666 ab
875 1634 913 1677 eo,
924 1617 970 1686 qui
982 1614 1133 1691 interpretis

205 1705 285 1760 partes
296 1690 322 1740 in
333 1689 354 1740 se
365 1689 496 1758 susceperit,
507 1689 651 1775 peragenda,
662 1693 769 1755 aiterum,
789 1704 815 1740 vt
828 1691 935 1742 ostendat
945 1707 971 1742 et
981 1708 1083 1742 omnem
1095 1690 1120 1741 li

206 1768 276 1818 brum
287 1765 417 1827 locumue,
415 1776 494 1832 quem
506 1766 688 1833 interpretetur,
708 1763 855 1832 genuinum
850 1765 895 1816 esse
907 1783 988 1834 neque
1004 1765 1120 1833 spurium,

206 1834 231 1893 et
242 1842 374 1892 verborum
386 1840 533 1908 singulorum
545 1840 674 1891 sectionem
686 1856 774 1902 veram,
793 1856 873 1907 neque
889 1858 988 1908 vanarn,
1010 1843 1123 1903 alterum'

206 1930 232 1970 vt
243 1931 269 1968 et·
277 1914 348 1985 ipsam
359 1917 408 1967 loci
420 1917 537 1983 cuiusque
548 1915 685 1967 senteutiam
699 1931 723 1965 et
735 1914 796 1980 vim,
817 1915 933 1985 integram
953 1933 1041 1983 neque
1053 1921 1125 1968 man-'

124 2041 127 2052 ,,
206 2010 268 2062 cant,
285 1991 356 2043 nobis
367 1991 431 2043 reste
444 1991 588 2060 explicando
605 2008 661 2042 cum
677 1988 748 2042 verba
764 2005 815 2042 tunt
832 2008 870 2042 res
887 1993 1053 2058 vertendoue,
1066 1992 1124 2043 3331

206 2069 256 2134 dat,
278 2065 409 2117 3333311303
420 2081 444 2117 et
457 2084 512 2118 vere
528 2081 552 2117 et
564 2067 685 2133 eleganter
696 2065 788 2131 3331103,
807 2081 881 2139 quern
897 2067 1032 2133 3333133003,
1052 2066 1122 2118 dixe*

205 2136 245 2211 313,
264 2141 354 2193 doceat
364 2142 391 2208 3)
417 2142 491 2208 (quae
508 2141 604 2225 quidem
621 2140 663 2191 suo
678 2140 756 2191 ruodo
772 2148 895 2207 poterunt
903 2142 969 2208 facile
981 2142 1117 2194 admorsu

205 2232 347 2270 mentorum
364 2231 389 2267 et
406 2233 510 2285 operum
527 2218 683 2283 antiquorum
699 2216 853 2283 interpretem
865 2212 1012 2284 transferam:
1041 2234 1118 2270 nemo

206 2303 258 2346 tion
271 2292 408 2359 concedet,
427 2292 456 2343 ad
474 2292 588 2361 iudicium
606 2291 636 2341 de
651 2290 704 2342 iibri
716 2292 856 2342 carminisue
871 2292 967 2343 tutiore
979 2292 1118 2361 ferendum,

207 2367 382 2421 adelesiionetn
399 2367 450 2418 loci
466 2367 671 2435 constituendam,v
688 2367 717 2417 ad
731 2365 923 2437 fignificationem
939 2368 1070 2418 verborum
1094 2384 1119 2421 et

205 2442 353 2512 finguiorum
369 2459 393 2495 et
408 2443 555 2495 iunsiorum
564 2444 710 2510 eruendam,
734 2442 762 2493 ad
778 2441 916 2493 sententiam
936 2443 984 2495 loci
1000 2443 1122 2495 031311330-

204 2519 259 2614 tiam
280 2533 304 2572 et
320 2518 489 2589 illustrandam,
507 2519 652 2618 adventatis
667 2534 692 2571 et
707 2519 832 2608 venustatis
844 2518 966 2571 ditiorum
976 2520 1118 2612 inteiligen

1043 2593 1117 2645 tiam

210 2704 212 2707 ’
222 2700 246 2768 ι3)
253 2713 470 2756 Secututmaxirnesum
477 2716 590 2757 veriffimam
597 2730 639 2768 par·-
674 2695 756 2755 33333313.
765 2717 789 2759 V.
798 2715 826 2756 Cl.
833 2714 943 2767 inSpecim.
950 2711 990 2753 edit
983 2713 1111 2763 t-Opp.r
1067 2713 1111 2754 Plur
1112 2744 1115 2752 .

204 2770 252 2812 tium
262 2770 342 2813 edituris
356 2769 509 2825 descriptionem,
517 2773 568 2827 apud
580 2773 640 2828 33333-
673 2770 722 2812 Β1131.
734 2770 853 2816 1333303011,
863 2775 882 2813 Ρ.
894 2773 925 2816 ut.
935 2783 954 2824 p.
967 2780 978 2823 3
990 2789 1020 2802 «-
1032 2780 1062 2812 10.
1079 2800 1092 2832 3
