2462 3246
209 225 299 262 xxvrrr
518 212 816 260 maesta
864 246 865 251 ,

211 338 309 392 breuius
321 336 392 398 idern,
412 335 452 388 vbi
464 335 496 388 de
506 344 725 391 monumentorum
736 353 890 411 operumque
901 340 1056 407 antiquorum
1068 341 1126 399 iusta

212 414 375 484 explicatione
391 414 481 481 agitur,
500 413 682 465 demonstrabo.
722 417 807 468 Partim
824 413 890 465 enim
904 431 998 478 eorum,
1017 434 1077 484 quae
1094 417 1126 468 de

212 490 356 560 scriptorum
368 489 569 558 interpretatione
579 487 709 557 disputem,
728 491 757 542 ad
770 504 940 558 monumenta,
957 507 1018 558 quae
1029 493 1127 544 litterata

211 565 323 618 nonnulli
340 563 475 635 appellant,
497 563 680 635 vimquandam
696 564 756 633 elle,
781 583 824 636 per
837 564 859 617 se
875 566 1021 635 intelligitur,
1040 559 1134 635 partim

208 640 304 710 plurimi
316 657 395 710 nuper
405 653 563 712 *monuerunt
577 639 754 708 douiffiniqne
766 658 869 709 operum
881 643 1037 709 antiquorum
1050 644 1125 695 inter-

200 732 299 786 preter,
311 717 356 768 else
366 717 390 767 in
403 714 430 766 iis
438 714 584 785 explicandis
598 716 634 767 vel
646 718 749 767 maxime
759 715 852 769 sensum
860 717 921 780 veri,
933 717 1024 785 decori,
1036 717 1125 787 pulcri·

209 788 565 860 que-subtuema‘duibenuun
582 791 611 855 s).
651 791 706 843 Siue
724 794 787 845 enim
807 808 1045 860 quadratum-rtrum
1061 791 1124 859 illud,

118 909 123 919 .
146 929 147 932 Ἴ
209 866 278 935 qnod
291 867 429 934 exhibetur,
443 880 640 918 ‚monumentum
652 883 767 935 opusque
778 869 905 945 antiquum
917 867 945 919 fit
957 869 986 919 ab
999 886 1038 934 eo,
1057 869 1125 919 cuius
1154 920 1157 925 ,

208 942 355 1012 ell'edicitur,
368 959 444 1009 eaque
452 941 490 991 cni
497 941 635 991 adscribitur
641 956 724 1006 aetate,
736 942 1084 1014 elaboratumetproposrtum,
1095 960 1125 994 an

207 1018 236 1070 ab
247 1018 293 1070 alio
304 1017 375 1069 serius
386 1017 540 1069 recentiusne
551 1015 640 1069 saelum
651 1030 676 1069 et
687 1019 838 1077 venditatum
851 1020 886 1086 t),
900 1017 954 1082 ,srue
966 1013 1126 1080 examinetur,

165 1212 168 1215 ⁴
235 1213 253 1267 s)
269 1213 333 1269 Heqne
341 1210 450 1255 Lobschrift
462 1210 498 1251 aus
505 1211 661 1253 winkelmann'

207 1284 227 1323 p.
241 1269 300 1323 13rls¹
311 1268 374 1320 28„ss.
389 1282 444 1321 quae·
453 1267 594 1323 francogallice
608 1270 649 1323 legi

208 1324 287 1379 poll'unt
305 1330 330 1369 T.
350 1326 364 1365 Ι.
385 1326 498 1370 Corntnent.
519 1328 561 1366 Soc.
581 1328 649 1377 Antiq.

209 1379 286 1423 Cassell.
300 1383 332 1422 vel
346 1385 370 1424 T.
381 1384 394 1421 l.
415 1380 512 1420 Historiae
526 1381 578 1420 Artis
591 1380 650 1421 Winss

208 1439 268 1478 herm,
283 1438 307 1477 ab
319 1437 402 1477 Hubero
417 1434 494 1486 versae,
512 1437 575 1477 italice
590 1437 649 1476 etiarn

207 1494 300 1537 versionis
321 1495 360 1534 ital.
380 1491 533 1534 Mediolarrenlis
555 1496 579 1534 T.
594 1495 608 1532 Ι.
628 1506 648 1545 p.

207 1548 298 1592 XLlV.s.
491 1549 493 1553 ’
575 1579 576 1582 ,

235 1607 255 1659 t)
270 1607 303 1646 De
312 1603 377 1645 indicii
387 1601 462 1643 subtilis
473 1613 494 1642 et
504 1603 581 1643 criticae
592 1601 650 1642 facul·

209 1658 265 1710 tatis,
274 1662 336 1701 multo
347 1658 379 1698 vsu
395 1660 526 1706 exercitatae,
538 1658 650 1709 necelhtate

207 1719 228 1758 in
239 1715 379 1772 cognoscendis
395 1714 570 1767 examinandisque
585 1715 652 1766 operi:

208 1775 245 1813 hur
256 1774 342 1825 antiquis
356 1770 452 1824 quaedam
464 1784 527 1823 nuper
542 1771 600 1822 delle
609 1783 652 1821 mo<

208 1831 252 1871 uuir
260 1827 457 1872 'cinnomannio
468 1839 486 1867 1.
497 1824 521 1865 ad
532 1824 609 1865 Ernesti
615 1828 652 1866 At-

151 1878 153 1881 Α
209 1879 562 1938 chaeol.paras.etirrpr·aes.Xlll.s.
578 1883 650 1922 Erem-

209 1945 242 1995 pla
253 1940 349 1996 quaedam
359 1939 391 1978 vel
401 1937 474 1979 fraudis
488 1939 509 1977 in
518 1937 547 1977 his
557 1938 649 1991 operibus

209 1996 320 2047 tomnrilsae
325 1997 356 2036 rel
363 1989 530 2047 interpretationis
538 1993 649 2047 perreriae,

207 2056 228 2106 iu
240 2053 310 2106 quihus
320 2053 406 2100 manime
418 2052 453 2091 ille
467 2048 532 2090 sensus
542 2050 606 2096 resins
616 2049 649 2090 tle·

207 2108 336 2158 htle'rahatur,
356 2104 452 2147 recensuit
466 2119 531 2161 nuper
545 2106 575 2145 Cl.
592 2106 653 2144 ouer:

207 2166 255 2205 lirant
268 2159 362 2218 praesnti
372 2176 391 2205 2·
406 2161 455 2210 edit,
467 2161 574 2213 primatum
587 2161 648 2210 linea-

207 2223 250 2263 rum
264 2221 319 2272 urhis
326 2218 406 2274 'aritiqui
416 2218 502 2266 tironum,
512 2213 549 2257 suis
557 2215 649 2267 illustrati

207 2278 225 2332 p
236 2282 260 2320 V.
270 2269 290 2317 ll.
301 2268 307 2290 ³
316 2278 343 2317 Et
353 2269 465 2327 quiunquam
476 2286 529 2313 nunc
540 2286 581 2312 non
590 2271 652 2324 fatile-

207 2329 337 2375 rnetuendum
346 2332 387 2378 est,
404 2329 547 2379 neblartiuus,
562 2328 649 2382 Inghira-

206 2404 256 2440 mus,
271 2389 420 2440 Ebermayerns,
436 2385 524 2434 Golzius‚
533 2385 648 2425 Hartluinus

207 2447 280 2500 aliique
291 2445 321 2485 his
330 2443 399 2503 srtpiles
410 2454 446 2482 nos
455 2440 529 2490 fallant,
539 2452 604 2480 tamen
610 2454 650 2480 nec

207 2493 649 2557 nunotemporaliumquenatant-uun,

128 2589 130 2592 ,
206 2555 400 2610 Poiristrteti,Wittii‚
409 2554 487 2603 Kochii,
496 2551 649 2606 aliiquedesunt,

208 2622 291 2669 quorum
304 2609 417 2654 commenta
427 2613 447 2650 in
457 2611 494 2650 hoc
505 2616 585 2665 genere
591 2608 648 2650 subti-

207 2672 244 2717 lius
254 2669 348 2722 iudicium
359 2666 457 2720 repudiet,
467 2670 575 2720 meliorque
585 2664 649 2707 sensus

208 2727 281 2771 undae
310 2724 344 2770 Ad
357 2723 505 2779 quod'quidem
517 2723 612 2766 iudicium
623 2723 648 2766 de'

936 1107 943 1133 ἐ
1010 1154 1013 1160 ,
1066 1110 1127 1145 num

688 1226 770 1266 operum
786 1216 911 1268 antiquorum
927 1214 1028 1256 authentia
1039 1213 1125 1254 forman·

687 1269 734 1310 dum
750 1271 804 1312 deest
817 1271 880 1312 adhuc
894 1269 969 1323 copiosa
981 1271 1039 1322 periri
1048 1270 1085 1309 riri
1097 1270 1125 1308 iu¹

687 1326 768 1377 stitutio.
797 1328 856 1377 Quae
877 1329 931 1377 enim
950 1327 1046 1366 hasienus-
1058 1337 1124 1364 exeo

687 1395 762 1437 genere
776 1379 844 1435 scripta
857 1381 909 1434 sunt,
928 1384 1013 1422 maxime
1026 1381 1048 1421 acl
1059 1381 1125 1420 titulos

687 1439 778 1490 antiquos
798 1438 828 1490 (vt
842 1437 910 1479 Massei
925 1437 1061 1491 impersecium
1076 1448 1124 1489 opus

688 1495 732 1535 artis
741 1495 820 1548 criticae
828 1493 933 1547 lapidariae
941 1494 990 1534 'Luc
1002 1495 1062 1546 1765.
1072 1491 1085 1532 s.
1103 1493 1126 1531 F.

688 1553 713 1590 A.
724 1547 823 1600 Zattaria,
839 1551 872 1602 qui
884 1550 909 1590 de
920 1550 993 1590 Latinis
1003 1551 1063 1588 titulis
1075 1548 1126 1600 egit)

689 1618 787 1656 rrumosue
803 1611 836 1656 (en
851 1619 890 1658 quo
904 1618 981 1659 genere
992 1607 1048 1657 plura
1058 1603 1128 1654 iudea

688 1661 804 1713 Spanhemii
824 1659 901 1701 'aetate‘
913 1660 1029 1711 prodierunt
1051 1656 1130 1711 scripta,

687 1714 804 1770 sagacillima
814 1716 868 1758 'Abb
882 1713 976 1765 Echlrela'i,
996 1716 1034 1767 qui,
1048 1710 1126 1768 praeter

689 1773 790 1811 elementa
804 1770 1125 1823 artis¹numismaticae,vernaculo

688 1824 780 1867 sermone
789 1826 848 1877 edita,
858 1823 1078 1878 etiamDescripriouenr
1085 1839 1126 1874 nn·
1167 1830 1169 1834 ’

686 1885 764 1923 motum
779 1882 896 1923 Antiochiae
915 1883 993 1936 Syriae,
1011 1881 1051 1922 fine
1066 1879 1127 1934 speci-

677 1953 733 1984 ¹men
754 1939 799 1978 artis
820 1939 896 1979 criticae
916 1940 1016 1979 numanae
1037 1938 1123 1980 Vintlob.

687 1990 771 2048 1'78614.
781 1995 862 2047 prodire
872 1996 929 2045 uuirt)
943 1996 1048 2048 pertinent.
1078 1993 1123 2043 Sed,

687 2050 829 2104 qui'srngulari
844 2051 895 2091 libro
915 2049 1009 2091 subtiliter
1030 2047 1126 2103 docuisset

687 2107 799 2158 antiquata
821 2106 935 2159 recentibus
962 2107 1006 2146 artis
1029 2104 1123 2158 operibus

687 2160 808 2211 discernere,
824 2163 941 2214 et'criticam
953 2168 1015 2204 artem
1030 2161 1055 2201 ad
1064 2174 1124 2214 omne
1141 2166 1147 2173 ‘

686 2218 797 2269 llattrarum',
811 2219 973 2272 anaglyphornm,
985 2213 1123 2267 toreumatum,
1157 2260 1159 2263 ,

686 2287 815 2329 gemmarum,
834 2274 945 2315 tabularum
955 2275 1083 2325 reliquaeque.
1091 2286 1125 2312 atr·

686 2332 752 2383 tiquae
772 2327 908 2384 stippellesiilis
923 2343 986 2385 genus
1003 2328 1124 2369 aeturnum

687 2383 813 2433 adhibuisset,
836 2387 884 2426 troui
902 2386 1011 2427 neminem.
1041 2387 1124 2438 (Neque

689 2441 928 2493 enimlilotziilibellum
944 2441 969 2483 de
980 2442 1062 2496 gemmis
1072 2442 1124 2494 quis-

688 2498 746 2551 quam
761 2498 798 2538 huc
807 2499 908 2550 pertinere
918 2498 1009 2557 putabit).
1037 2501 1087 2541 Sunt
1098 2508 1124 2536 ta·

687 2567 734 2594 men
750 2556 844 2601 nonnulla
857 2554 943 2604 adhunc
954 2558 1031 2608 quoque
1045 2554 1123 2600 critica'e

687 2608 784 2650 facultatis
791 2608 1060 2664 rsumprudent‘ei‘disputata
1065 2620 1071 2654 ;
1082 2608 1132 2661 qui-⁹

687 2667 723 2720 bus
735 2666 782 2706 lotis
791 2668 899 2708 nostrorum
910 2667 1013 2720 hominum
1024 2666 1122 2711 meritaet

687 2721 806 2778 Heyniahae
817 2722 929 2781 disciplinae
933 2722 1007 2776 bullus
1013 2734 1072 2761 nemo
1082 2733 1123 2760 non

877 2790 879 2793 ·
1007 2774 1121 2833 ‘agnoscet
