2462 3246
417 181 714 241 &damme
811 226 814 233 ,
876 222 877 225 ,
954 193 1024 234 txvtt

109 321 164 372 lunt
175 307 289 387 quaedam
301 316 447 386 scriptorum
459 315 513 367 loca
525 330 565 367 aut
575 317 651 380 verba,
670 311 794 388 interdum
807 312 925 383 temporis
935 310 1021 365 iniuria
1063 305 1065 310 ’

33 441 39 449 ,
110 394 212 447 absumta
224 394 357 462 perierunt,
375 391 529 461 frequentius
541 394 610 443 etiam
623 392 776 444 librariorum
788 390 855 459 culpa
868 385 1019 442 exciderunt.

111 469 184 529 Quae
199 469 232 521 vel
250 469 336 521 eieslio
353 465 467 520 locorum
484 466 520 518 vel
535 465 637 530 omissio,
661 484 687 519 vt
701 482 727 519 et
743 466 865 533 sentiatur,
884 480 911 517 et
926 477 1019 534 reperta

110 544 269 609 exatninetur,
297 544 379 595 seuera
396 543 520 611 quaeritur
538 542 624 595 subadi
643 542 719 594 iudicii
736 538 853 594 subtilitas.
886 542 953 593 Nam
975 539 1022 609 pri·

109 637 175 672 mum
189 614 272 672 Cririci
284 633 378 670 veteres
394 619 503 688 inprimis
520 617 678 688 Alexandrini
688 619 713 686 l)
727 618 805 677 versus
821 632 846 670 et
860 616 913 669 loca
923 615 1022 685 scripto-

108 710 177 758 rum,
199 697 303 746 maxime
325 710 412 746 eorum
430 709 496 762 quos
511 690 542 743 in
557 692 667 745 ordinem
685 709 836 759 receperant,
861 692 1022 762 repudiarunt

109 786 180 838 atque
192 770 319 832 eiecerunt,
336 786 389 820 uon
401 771 471 820 unice
484 768 643 835 grammaticis
658 768 795 821 rationibus¹
809 768 887 831 dubii,
908 766 947 819 sed
963 764 1022 817 rnul-

109 860 137 897 to
164 844 254 912 saepius
275 838 369 896 iudicio
396 844 429 894 de
452 843 564 895 sententia
592 839 712 897 diciorum
735 858 760 896 et
782 845 805 895 vi
828 862 890 896 vano
914 840 1022 910 decepti,

108 922 139 972 ita
154 935 179 973 vt
197 920 260 971 sensu
270 922 321 971 veri
336 933 360 970 et
375 919 434 970 redi
446 934 470 970 et
481 919 555 987 pulcri
573 920 634 972 iudo
647 938 734 972 eorum
750 922 823 988 nugis
840 914 1020 970 occurrendum

107 995 140 1047 fit.
181 995 260 1057 Quod
277 995 292 1047 st
310 997 334 1045 in
350 994 412 1062 aliis,
433 994 459 1045 in
472 996 576 1046 Homeri
591 998 694 1047 inarime
709 996 853 1047 carminibus
865 994 1021 1046 necessarium

109 1072 149 1123 est.
187 1073 216 1122 ln
227 1071 289 1123 lliad.
302 1071 345 1120 Xl.
355 1069 432 1134 libro,
453 1070 589 1137 longiorem
601 1070 687 1122 'locum
704 1080 741 1138 (v.
755 1077 809 1139 766
821 1101 858 1111 -
868 1072 944 1139 784.)
970 1067 1022 1118 Ari-

106 1147 238 1215 >slopbanes
261 1144 406 1196 eiiciendmn
426 1144 473 1196 effe
490 1144 630 1211 censuri),
652 1146 758 1214 primum
776 1161 917 1214 propterea⁷
943 1141 1021 1211 quod,

109 1238 172 1288 quae
189 1221 227 1271 hic
242 1221 315 1272 Peleo
334 1220 470 1271 tribuantur
487 1219 516 1271 ad
532 1220 607 1271 filium
624 1221 742 1272 Achillem
759 1222 833 1287 dicia,
855 1238 907 1271 non
926 1234 1022 1270 cotine-

108 1299 174 1360 niant
189 1313 244 1347 cum
260 1297 287 1348 iis
304 1312 368 1362 quae
386 1297 406 1344 ἐν
424 1300 477 1351 ταῖς
494 1301 573 1350 Λιταῖς
590 1298 712 1362 (hoc'ell,
732 1297 800 1364 llll,
814 1314 875 1365 253.
888 1295 923 1363 ss.)
942 1293 1021 1345 eidem

108 1371 253 1441 praecepisse
270 1371 394 1434 tradatur3
413 1386 436 1422 ar
449 1370 564 1440 profesio
578 1372 655 1441 longe
665 1371 757 1422 diuerso
775 1371 876 1423 confilio
894 1371 925 1422 ab
942 1367 1021 1436 Vlylse

577 1447 588 1496 l
610 1465 624 1515 3
996 1456 1022 1495 et

38 1610 39 1613 ,
107 1575 138 1617 sus
147 1575 207 1631 perse
217 1575 291 1615 bonus:
306 1563 338 1613 dle
347 1570 400 1612 laada
409 1575 499 1622 βομβεῦντι
510 1581 547 1614 aar>
571 1563 632 1621 ’νόμας
641 1576 759 1628 (quaenams
769 1574 941 1628 Atheniensium)
951 1572 1020 1621 sss&-

109 1631 188 1680 apa‘ltrm
201 1639 287 1679 μέλισσαι,
312 1641 379 1669 tamen
395 1630 474 1678 dubito,
498 1644 545 1670 num
584 1631 640 1672 valde
656 1629 752 1670 torserunt
770 1634 890 1684 interpretes
908 1633 935 1670 ira
949 1641 969 1669 vt
987 1629 1019 1668 vel

108 1689 141 1728 hie
150 1688 202 1729 rede
216 1688 298 1738 legantur,
319 1686 376 1724 Vnus
386 1685 455 1725 Valck.
469 1686 490 1724 in
499 1686 545 1726 edit.
583 1701 656 1727 itonam
671 1701 713 1727 voc.
728 1691 808 1734 stabiam
822 1684 1017 1727 comminiscet'entur

109 1747 195 1784 umnlum
210 1742 265 1794 ldyll.
283 1740 309 1792 ‚3sr
323 1740 381 1780 huius
396 1742 423 1793 (v.
436 1743 489 1794 106)
502 1743 546 1782 loco
583 1741 744 1798 fignificationem
757 1744 784 1796 (v.
800 1745 831 1785 Cl.
846 1744 922 1783 Grimm
936 1737 1018 1795 Synops,

108 1797 212 1854 legeretur
221 1798 288 1849 aptior,
302 1795 418 1848 sequentem
428 1811 488 1836 nemo
500 1797 546 1838 dest-
583 1799 687 1841 Arcltaeol.
701 1803 757 1840 llum.
767 1800 826 1843 Dion
835 1799 897 1840 Halia.
908 1814 928 1853 p.
938 1804 985 1851 285.
999 1806 1020 1835 et

109 1857 197 1906 deraret,
213 1854 245 1905 qui
255 1853 310 1892 estin
321 1853 347 1892 ld.
357 1853 381 1901 V,
391 1853 439 1904 46.“
451 1852 511 1892 addo:
527 1864 547 1893 et
583 1859 640 1910 Rutg.
659 1860 746 1897 Outveus
765 1857 820 1896 Nost.
839 1858 891 1910 Hag.
905 1870 924 1908 p.
938 1856 972 1905 65,¹
984 1850 1019 1903 ss.)

108 1912 156 1952 iude
170 1909 221 1951 haud
235 1907 294 1947 dubie
306 1908 344 1948 ltuc
358 1908 432 1948 illatus:
448 1911 497 1948 Nam
507 1911 546 1961 pri·
582 1913 643 1963 Atqui
654 1927 690 1952 rna
704 1913 760 1951 litura
770 1912 877 1952 delendum
888 1913 916 1952 est
928 1906 1020 1950 insulsum

109 1982 163 2009 mum
173 1964 263 2017 liae-sede
274 1963 352 2017 prorsus
366 1965 445 2018 ineptus
455 1964 493 2013 est3
510 1978 545 2005 cur
580 1968 744 2016 additamentum.
777 1970 865 2019 Quantas
881 1966 947 2006 turbas
969 1961 1018 2019 glos·

109 2024 164 2065 euim
173 2023 196 2063 ad
206 2024 312 2067 Venerem,
327 2034 384 2074 quam
394 2022 414 2060 in
428 2021 481 2062 ldam
490 2020 546 2062 abire
581 2023 633 2064 sema
647 2023 700 2065 Pind.
714 2025 794 2077 Olymp.
805 2037 835 2071 10,
849 2030 880 2076 84
895 2022 979 2070 dedam,
992 2032 1019 2060 ex

109 2080 170 2125 iubet,
187 2078 257 2117 dixerit
267 2076 367 2129 Daphnis:
387 2076 419 2117 ltic
432 2078 516 2130 (nempe
525 2079 546 2117 in
583 2079 769 2134 commentatoribus
780 2078 870 2135 cognosci
879 2078 951 2132 potest.

110 2150 142 2183 eo,
161 2147 199 2185 qno
215 2130 255 2183 ipse
273 2131 361 2172 versatus·
378 2134 440 2185 loco)
462 2131 547 2174 luaniter
610 2133 632 2188 sa)
647 2150 664 2180 v.
675 2133 747 2178 Villois
759 2137 833 2179 Anecd.
843 2138 876 2178 Gr,
887 2137 909 2174 ΙΙ,
917 2150 937 2187 p.
947 2145 990 2187 172.
1000 2128 1021 2172 fl'.

108 2189 204 2233 susurrant
213 2200 257 2239 apes
264 2201 271 2235 ς·
283 2187 355 2227 deinde
366 2187 459 2235 hasiensis
469 2188 546 2241 semper
583 2192 683 2232 Rultnlten,
695 2192 742 2232 Hisl.
753 2194 795 2235 crit.
811 2195 873 2231 Oratt,
889 2192 921 2231 Gr.
933 2193 957 2230 T.
969 2190 1018 2228 Vlll.

109 2249 141 2290 vel
155 2245 193 2286 dno
207 2246 238 2283 vel
253 2253 336 2295 quatuor
352 2243 438 2284 uersibus
448 2244 544 2284 adsertam
582 2261 600 2299 p.
613 2250 657 2295 168.
667 2244 688 2287 ss
702 2246 765 2287 Reislt.
775 2250 880 2286 Burmann.
891 2246 914 2285 ad
920 2242 1020 2284 Valesrunt

109 2315 151 2345 erat
164 2300 220 2342 illud:
238 2298 313 2346 ''aextar
329 2311 366 2340 otc.
386 2314 411 2340 ea
425 2301 546 2341 coticinnitas
583 2302 609 2341 tle
622 2304 693 2343 Critian
706 2318 725 2356 p.
741 2302 809 2358 145.s.
827 2309 871 2351 181.
883 2300 894 2341 s.
923 2300 1019 2341 Nouim-

70 2378 71 2381 ¹
109 2356 241 2414 peritiuserto
252 2356 283 2397 liic
293 2356 395 2403 versiculo,
411 2371 471 2409 quem
483 2357 546 2397 elicio.
582 2358 685 2411 probabile
694 2359 732 2406 est,
747 2357 825 2413 periisse
838 2360 913 2399 multos
925 2355 988 2398 versus
999 2365 1019 2395 et

109 2417 163 2459 Malu
177 2414 235 2453 etiarn
250 2410 306 2466 supra
318 2411 394 2453 versum
409 2417 442 2466 65.
452 2426 498 2453 ante
511 2417 546 2468 64.
582 2417 626 2455 loca
641 2431 651 2455 a
665 2417 741 2458 Criticis
756 2418 792 2456 illis
801 2415 902 2463 datnnata3
918 2426 938 2455 vt
950 2412 1018 2467 Lyliae

109 2482 195 2526 putrere,
211 2482 255 2506 nam
269 2483 347 2509 carmen
362 2469 443 2508 dentum
457 2484 496 2509 av.
511 2473 545 2513 66.
584 2473 683 2512 orationes
698 2474 790 2515 mulrnsa
805 2473 873 2512 Paullo
883 2470 950 2525 Myso,
966 2467 1019 2522 quod

109 2529 182 2581 incipit⁴
210 2526 232 2562 In
248 2524 546 2580 Dionys.Halic.A1¹tli.7‚64.
583 2541 616 2567 eas
630 2541 671 2567 non
687 2526 823 2579 praescribet,
847 2528 927 2568 reiesms
943 2524 1020 2579 negligi

110 2576 545 2633 estratrarbnds'aitdoneorialnao'nlpomt,
583 2582 667 2635 coepislir
686 2596 744 2636 atque
760 2585 810 2625 atleo
829 2582 946 2624 intercidisse
964 2590 1019 2624 notat

110 2639 138 2678 nd
152 2638 183 2683 etsi
202 2641 289 2681 intlaesam
312 2634 400 2688 <scilicet
420 2651 453 2680 21.
472 2638 546 2684 sariunt
582 2639 662 2680 Plouus
672 2640 719 2682 Bibl.
729 2654 748 2692 p.
761 2644 819 2696 1461.
834 2640 906 2681 Stltutt.

109 2709 177 2752 parem
190 2693 316 2748 numerurm)
330 2686 416 2731 sarasan
427 2690 452 2744 ab,
466 2693 521 2740 dorsa
535 2694 546 2733 ὅ
609 2695 625 2748 i)
640 2709 657 2738 r.
669 2695 734 2739 Schol-
743 2704 795 2742 Van,
804 2712 824 2752 p.
833 2704 882 2752 28).
