2462 3246
916 245 918 248 ψ
929 224 995 271 xxrrr

83 347 161 415 genus
171 340 260 408 horum
271 354 372 409 operum
382 355 407 393 er
417 347 643 411 monumentorum,
657 340 689 407 id,
701 340 768 408 quod
779 332 902 412 spedatur,
913 332 998 394 referri

17 456 18 460 ,
83 410 177 483 debeat,
196 413 358 469 consideretur
367 420 402 481 a),
422 415 608 487 fiueinquiratur
622 418 648 472 in
663 415 799 485 confilium,
818 417 996 488 exemplarque,

43 619 47 627 Ι
83 599 250 647 dendCasanona
266 600 317 642 Abh.
333 598 383 640 iiber
393 597 519 649 Ktmstde'nlt·

81 659 143 697 maier
155 662 176 700 L.
189 667 247 710 1771.
263 663 285 708 μ’
294 668 326 708 31.
338 667 359 695 et
374 655 451 709 Lesring
465 658 519 697 Arta·

81 714 146 755 lemen
159 714 191 756 fiir
204 712 236 752 die
252 713 356 752 Litteratur
366 715 390 752 T.
401 712 423 751 ll.
438 726 456 763 p.
471 713 518 762 651.

48 802 51 804 —
81 780 103 810 et
112 771 185 824 lleyne
198 769 220 808 in
229 769 330 821 Antiquar.
339 765 448 809 Aussn'tzen
460 769 480 807 P.
492 768 518 809 ll.

80 840 100 877 p·
117 835 161 878 172.
176 822 195 864 ss.
224 826 264 864 lam
285 823 318 864 etfi
337 836 358 863 et
374 823 412 863 lruc
431 821 519 862 duurtua

79 881 171 921 nonnihil
180 879 321 932 sacerepotest,
333 892 392 922 nemu
403 890 519 919 tamennon

80 938 183 990 intelliget,
197 937 292 976 maiorem
304 936 361 975 eriam
373 936 410 975 rim
426 933 464 974 esse
477 933 518 974 sen·

80 991 110 1033 sus
121 992 225 1039 cniusdam,
241 1005 287 1045 quo,
302 992 348 1044 quid
363 992 383 1031 irr
400 1004 479 1044 quoquo
489 1005 517 1030 er-

80 1047 140 1089 tisicio
155 1049 239 1097 redum,
258 1058 335 1101 aptum,
349 1047 456 1096 docorum,
472 1060 518 1086 con-

18 1127 28 1134 2
75 1105 171 1155 veniens,
186 1102 328 1156 venustumque
345 1102 377 1150 fit,
393 1103 516 1155 percipiatur,

80 1161 153 1213 quique
180 1159 250 1199 assidua
279 1172 362 1212 operum
379 1156 517 1210 ‘antiquorum

80 1217 194 1271 cognitione
207 1227 227 1255 et
242 1215 405 1268 interpretatione
414 1212 517 1254 confirme-

79 1283 115 1312 tur.
143 1270 194 1319 Eos,
213 1271 246 1324 qui
260 1272 281 1321 in
297 1271 326 1310 his
341 1270 398 1310 vnice
411 1269 517 1310 dodrinam

79 1326 197 1380 specialem,
213 1327 251 1367 risit
268 1325 306 1366 inm
325 1326 435 1368 Morietrius
450 1327 519 1366 Traite

79 1384 97 1423 d.
109 1399 127 1436 p.
137 1398 165 1438 gt.
177 1398 195 1435 p,
203 1394 237 1435 45.
252 1394 272 1423 et
281 1382 368 1436 profeuo
379 1380 460 1434 quisque
470 1380 516 1433 ipse,

78 1440 110 1480 rbi
117 1439 281 1479 dodoslmlorum
292 1438 421 1489 antiquiorum
427 1438 515 1489 inprimis

80 1492 516 1547 commentariosetdissertarionesexlrocge·

79 1556 130 1592 ner'e
141 1551 216 1605 legerit,
229 1550 311 1598 videbit,
326 1549 380 1589 istam
391 1547 516 1602 profundam,

79 1621 137 1660 quam
150 1604 301 1658 expromserint,
318 1605 450 1645 eruditionem
465 1604 515 1644 adeo

78 1676 146 1715 patum
159 1659 252 1715 profuisse
265 1660 289 1699 ad
303 1672 370 1699 retunt
386 1659 460 1699 artificii
470 1657 516 1699 'sen-

76 1718 117 1759 sum
132 1715 290 1769 percipiendum,
306 1726 326 1755 rt
340 1728 385 1755 eum
398 1717 515 1768 plerumque

77 1774 188 1826 impediret.

105 1831 130 1882 a)
143 1826 242 1869 Rarisstme
253 1826 299 1866 olim
310 1836 401 1878 tempora
412 1837 431 1866 er
441 1838 516 1879 genera

78 1884 202 1927 artificiorum
212 1882 346 1929 distinxerunt,
356 1881 410 1921 unde
421 1881 465 1921 fieri
474 1895 515 1921 non

77 1941 147 1994 potuit,
163 1939 210 1993 quin
220 1951 279 1977 omne
290 1937 315 1978 de
329 1938 352 1979 iis
364 1937 455 1977 iuditium
467 1935 514 1977 esset

77 1996 178 2039 lubricum.
204 1995 326 2035 Graecorum
337 1992 431 2034 artificum
440 2003 513 2033 aetates

77 2052 170 2107 quasdam·
177 2051 248 2091 Plinius
257 2048 365 2105 digesserat,
377 2063 435 2102 quem
447 2060 513 2089 tamen
525 2046 527 2048 ’

77 2123 119 2149 nun
131 2109 175 2148 artis
190 2106 247 2159 ipfius
260 2107 383 2146 incrementa
394 2119 414 2147 et
425 2103 513 2146 mutatio-

77 2177 124 2210 nes,
140 2161 172 2202 sed
185 2162 207 2201 e'a
218 2165 297 2214 quaein
307 2163 407 2203 Histoi-icis
422 2161 513 2202 adnotata

77 2228 187 2272 repererat,
208 2231 277 2269 parum
293 2216 389 2258 subtiliter
404 2231 447 2259 rem¹
459 2218 513 2265 aesti-

76 2287 172 2324 mantem,
195 2270 281 2312 secutum
300 2270 338 2312 elle
362 2286 415 2313 nune
434 2273 512 2313 constat.

75 2329 273 2372 NoeWinltelmann'r
283 2328 385 2383 descriptio
392 2330 513 2370 Graecorum

76 2386 201 2428 artificiorum
219 2384 250 2425 'ad
278 2386 391 2427 varietatem
417 2384 514 2439 quandam

29 2458 34 2487 ῑ
73 2445 143 2484 'manus
159 2442 240 2481 omnino
253 2441 330 2493 probari
340 2442 409 2495 potesl.
438 2443 513 2482 Primus

77 2496 275 2540 reaiusotruscorum
288 2511 347 2550 opera
358 2498 381 2538 ad
392 2497 513 2538 aetatessuns

11 2577 14 2585 ‹
76 2553 182 2597 reuocauit,
192 2553 212 2590 in
220 2553 458 2603 quibusilluslrarrdislrali
465 2555 513 2593 mul·

76 2608 512 2660 tumdoslrinae,Caylussensumsubtiliorem,

76 2666 211 2714 ostenderant,
225 2663 313 2716 Heyrrius
323 2666 517 2716 (Monumentorum

74 2718 166 2766 Etruscae
174 2721 220 2763 artis
230 2719 253 2761 ad
263 2718 380 2776 generasua
392 2734 412 2763 et
423 2734 511 2777 ternpore

911 492 996 562 quod
1044 547 1045 550 ,

557 602 695 640 reuocatorum
703 599 809 643 illustratio.
830 603 880 641 Nou.
887 601 997 642 Commen-

557 667 590 696 tar.
607 659 650 698 Soc.
669 659 722 697 Gott.
740 660 765 697 T.
781 656 814 696 IV.
835 658 853 697 Ρ.
867 659 892 697 11.
912 656 995 709 p..65.).

556 711 635 763 Eodem
654 711 714 752 modo
736 710 858 765 reliquorum
876 713 995 764 populorum

557 779 687 808 monumenta
696 776 716 807 el
726 781 785 822 opera
797 777 892 821 poterunt
903 766 927 806 ad
938 766 996 807 hillo·

557 825 605 864 tinm
629 836 700 865 eurum
723 833 825 875 artemque
847 821 1012 864 accommodare

558 878 639 933 disponi.
674 881 706 921 Sic
732 880 878 933 Aegyptiorum
905 878 993 919 existimo

557 947 631 977 aetates
645 935 679 976 stas
693 934 837 975 constituendas
851 932 899 975 effe:
913 936 994 987 primam

556 992 639 1032 rudioris
655 992 706 1032 initii
720 990 761 1043 (rbi
771 1002 799 1030 ne
809 1005 839 1031 ars
852 990 931 1044 quidem
942 989 993 1030 telle

556 1048 645 1101 dicitur),
655 1046 842 1101 secundom‘aliertins
851 1044 993 1101 progressuo‘itt

556 1104 680 1145 elaborandis
690 1102 749 1158 fignis
761 1114 781 1143 et
790 1102 931 1153 monumentis,
946 1100 994 1141 inde
1021 1141 1032 1147 ,

555 1157 685 1201 aSel'ostride
702 1156 759 1212 usque
775 1158 798 1199 ad
812 1157 871 1199 linem
891 1158 994 1200 Dodecar-

556 1216 621 1262 chiae,
637 1229 662 1256 ex
679 1228 717 1267 qua
726 1225 791 1255 aetate
806 1224 883 1267 praeter
896 1212 992 1254 notisfima

556 1272 588 1312 illa
603 1269 748 1318 obeliscorum,
769 1270 892 1324 Pyramidum
909 1273 994 1311 et'tem-

555 1328 633 1381 plorum
648 1326 776 1381 quorundam
790 1336 929 1375 monumenta,
949 1337 994 1365 narn

554 1383 698 1437 Labyrintlrum
712 1384 848 1435 antiquiorem,
863 1395 921 1435 quam
930 1384 993 1422 Hero-

554 1439 611 1479 dotus
626 1439 677 1486 facit,
694 1437 733 1479 effe
743 1439 837 1485 existimo,
851 1434 952 1489 supersunt
961 1450 993 1476 ru·

554 1495 608 1535 diora
622 1494 717 1547 quaedam
730 1494 840 1543 simulacra3
858 1495 934 1533 tertiam
944 1491 992 1544 inde

554 1565 564 1590 a
581 1549 713 1591 Psemmiticlto
733 1548 791 1603 vsque
809 1549 833 1589 ad
851 1546 991 1594 Alexandrum.

554 1605 991 1659 quibustemporibusGraecorumhominum,

553 1664 586 1714 qui
604 1663 732 1715 itmllegypto
746 1659 880 1708 consederant,
895 1660 949 1700 forte
963 1670 991 1700 et·

547 1718 590 1756 -iam
599 1716 717 1757 Persicorum
733 1717 858 1770 religionum,
874 1717 937 1769 aliqua
952 1714 989 1756 fuir

553 1773 573 1812 in
591 1774 736 1826 Aegyptiorum
753 1771 832 1813 artificia
845 1773 885 1822 vis·J
901 1782 990 1825 quartam

553 1830 712 1870 Ptolemaeorum
723 1839 813 1879 aetatem,
823 1842 868 1881 qua,
878 1829 991 1869 rtGraeene

552 1886 638 1936 litterae,
655 1886 681 1925 ita
696 1895 747 1925 artes
763 1885 822 1925 etiarn
837 1883 894 1925 irase
908 1882 991 1925 irtfinua-

552 1951 607 1988 runt,
623 1952 643 1980 ut
657 1943 752 1994 pleraque
766 1954 827 1993 opera
841 1954 866 1981 err
881 1940 990 1995 Aegyptio·

552 2009 595 2036 rum
603 2002 628 2036 'et
637 1998 757 2037 Graecorum
766 2010 826 2036 manu
837 1996 920 2036 conflata
929 2009 990 2049 appa-

552 2062 628 2101 rerent,
646 2054 729 2105 quintam
746 2065 799 2102 eam,
814 2055 862 2105 qua,
876 2052 989 2092 introduslo

551 2107 604 2150 slidis
625 2111 677 2149 cultu
695 2110 778 2148 Romam
794 2119 815 2148 et
828 2109 849 2149 in
862 2110 909 2149 alias
924 2118 989 2161 parter

552 2165 706 2212 Orbisllumeni,
722 2175 831 2217 coeperunt
843 2166 940 2217 antiquam
950 2168 989 2206 Ae·

551 2221 664 2273 gyptiotum
679 2234 760 2260 manum
776 2221 845 2259 imitari
861 2221 920 2260 etiam
934 2232 989 2261 extra

550 2280 672 2329 Aegyptum,
691 2273 748 2329 rsqtre
755 2274 778 2314 ad
789 2276 881 2316 Hadriani
892 2286 989 2328 tempora,

551 2345 590 2383 quo
606 2333 752 2386 Aegyptiorum
771 2342 947 2372 monumentorum
968 2342 989 2373 et

553 2400 634 2440 operum
644 2400 664 2428 er
674 2388 743 2429 arrium
755 2387 838 2428 studium
853 2393 897 2429 'eum
908 2401 943 2440 per
952 2390 987 2430 im·

552 2454 677 2496 peratorem,
693 2455 733 2484 tum
748 2457 783 2496 per
797 2442 923 2498 philosophos
933 2444 989 2486 efflo-
1051 2444 1053 2447 ’

552 2501 599 2549 ruit;
609 2498 684 2553 statura
696 2500 780 2550 deniqne
796 2499 890 2541 seriorum
904 2502 989 2543 imitato·

552 2569 601 2603 rutn,
618 2557 677 2596 etiam
690 2554 849 2596 Christianorum.
877 2562 944 2610 Atque
957 2558 988 2598 lris

551 2610 734 2663 tluabuspos'tremis
746 2613 841 2653 aetatibus
851 2612 934 2665 plurima
946 2612 987 2654 elle

551 2666 686 2719 adtribuenda,
698 2681 748 2720 quae
756 2666 859 2720 supersunt,
871 2683 932 2723 opera
942 2683 985 2709 cum

549 2733 617 2767 natura
625 2722 664 2777 ipsa
672 2734 716 2767 tum
724 2722 787 2766 sensus
796 2722 884 2768 subtilior
896 2724 986 2780 probabi·

607 2801 615 2809 ·-
850 2798 852 2802 ⁷
940 2781 986 2823 liter
